timestamp,price,quantity,side,tradeId
1750568400946,81,4.851,buy,293588443
1750568402570,81,6.139,buy,293588444
1750568402678,81.01,0.638,buy,293588445
1750568410292,81.02,5.406,buy,293588446
1750568410293,81.02,0.065,buy,293588447
1750568410708,81.02,0.323,sell,293588448
1750568410791,81.02,6.034,buy,293588449
1750568415429,81.01,0.316,sell,293588450
1750568420792,81.02,5.418,buy,293588451
1750568425379,81.02,3.57,buy,293588452
1750568425797,81.03,0.517,buy,293588453
1750568427478,81.04,4.138,buy,293588454
1750568427653,81.05,0.393,buy,293588455
1750568432628,81.06,3.024,buy,293588456
1750568432732,81.07,0.452,buy,293588457
1750568432734,81.07,0.065,buy,293588458
1750568433455,81.08,0.104,buy,293588459
1750568437008,81.07,1.702,sell,293588460
1750568439064,81.06,0.246,sell,293588461
1750568439565,81.07,0.124,buy,293588462
1750568440791,81.07,6.185,buy,293588463
1750568444159,81.08,0.214,buy,293588464
1750568445787,81.08,5.372,buy,293588465
1750568447440,81.08,0.186,buy,293588466
1750568447829,81.07,2.795,sell,293588467
1750568448016,81.06,1.181,sell,293588468
1750568448389,81.07,0.287,buy,293588469
1750568450799,81.06,5.706,buy,293588470
1750568459574,81.06,4.49,buy,293588471
1750568459574,81.07,0.217,buy,293588472
1750568459574,81.08,56.961,buy,293588473
1750568459816,81.08,12.934,buy,293588474
1750568460001,81.07,1.125,sell,293588475
1750568468545,81.07,0.099,buy,293588476
1750568470791,81.07,5.453,buy,293588477
1750568470918,81.07,6.837,buy,293588478
1750568475787,81.08,2.673,buy,293588479
1750568475812,81.09,3.246,buy,293588480
1750568476788,81.09,10.611,buy,293588481
1750568477023,81.09,3.695,buy,293588482
1750568477023,81.1,12.052,buy,293588483
1750568477023,81.11,8.479,buy,293588484
1750568477024,81.12,1.742,buy,293588485
1750568477027,81.13,0.068,buy,293588486
1750568477136,81.13,0.124,buy,293588487
1750568477136,81.14,1.001,buy,293588488
1750568477388,81.15,0.739,buy,293588489
1750568481636,81.15,0.539,buy,293588490
1750568481746,81.14,0.643,sell,293588491
1750568482470,81.15,0.061,buy,293588492
1750568482974,81.14,6.151,sell,293588493
1750568483031,81.13,1.181,sell,293588494
1750568483039,81.13,0.153,sell,293588495
1750568484098,81.12,0.11,sell,293588496
1750568486754,81.12,0.294,sell,293588497
1750568487538,81.12,29.922,buy,293588498
1750568487538,81.13,25.399,buy,293588499
1750568490649,81.11,0.404,sell,293588500
1750568490791,81.11,6.129,buy,293588501
1750568491787,81.11,12.104,buy,293588502
1750568496049,81.11,3.244,buy,293588503
1750568496050,81.11,2.519,buy,293588504
1750568496403,81.12,0.325,buy,293588505
1750568496403,81.13,0.226,buy,293588506
1750568497990,81.12,0.11,sell,293588507
1750568499463,81.13,4.848,buy,293588508
1750568499463,81.14,6.766,buy,293588509
1750568500017,81.13,1.192,sell,293588510
1750568500504,81.14,4.522,buy,293588511
1750568500789,81.14,4.145,buy,293588512
1750568500790,81.14,6.32,buy,293588513
1750568500790,81.15,0.845,buy,293588514
1750568502218,81.14,10,buy,293588515
1750568505785,81.14,2.816,buy,293588516
1750568505785,81.15,0.405,buy,293588517
1750568506687,81.15,3.147,buy,293588518
1750568506687,81.16,4.233,buy,293588519
1750568507296,81.15,0.2,sell,293588520
1750568508157,81.15,2.338,sell,293588521
1750568509819,81.15,0.34,sell,293588522
1750568509842,81.14,0.217,sell,293588523
1750568509853,81.13,0.068,sell,293588524
1750568509955,81.13,0.056,sell,293588525
1750568509955,81.12,1.136,sell,293588526
1750568510185,81.12,0.124,sell,293588527
1750568510215,81.11,1.181,sell,293588528
1750568510500,81.11,0.124,sell,293588529
1750568511051,81.11,0.266,buy,293588530
1750568511787,81.11,8.446,buy,293588531
1750568511858,81.1,0.11,sell,293588532
1750568512988,81.11,0.073,buy,293588533
1750568519137,81.11,1.971,buy,293588534
1750568521204,81.1,11.771,sell,293588535
1750568521204,81.09,7.617,sell,293588536
1750568521518,81.1,0.231,buy,293588537
1750568525786,81.09,0.191,sell,293588538
1750568525796,81.1,3.339,buy,293588539
1750568526787,81.1,7.712,buy,293588540
1750568528170,81.09,1.233,buy,293588541
1750568530790,81.09,5.726,buy,293588542
1750568530790,81.1,2.465,buy,293588543
1750568531222,81.09,1.181,sell,293588544
1750568533890,81.09,11.93,sell,293588545
1750568533956,81.1,0.147,buy,293588546
1750568534702,81.1,0.079,buy,293588547
1750568535122,81.09,7.995,sell,293588548
1750568535798,81.09,11.575,buy,293588549
1750568535808,81.09,0.195,buy,293588550
1750568535808,81.1,3.858,buy,293588551
1750568537096,81.1,0.308,buy,293588552
1750568538259,81.09,7.995,sell,293588553
1750568538259,81.08,15.324,sell,293588554
1750568541803,81.08,17.073,buy,293588555
1750568542788,81.08,6.635,buy,293588556
1750568545783,81.08,4.869,buy,293588557
1750568545800,81.07,0.111,sell,293588558
1750568546132,81.07,0.081,sell,293588559
1750568546218,81.06,1.207,sell,293588560
1750568548092,81.07,0.083,buy,293588561
1750568549266,81.07,7.03,buy,293588562
1750568549268,81.07,0.056,buy,293588563
1750568550979,81.08,2.466,buy,293588564
1750568553998,81.08,5.536,buy,293588565
1750568553998,81.08,0.065,buy,293588566
1750568555064,81.09,0.061,buy,293588567
1750568555797,81.09,4.783,buy,293588568
1750568555797,81.1,0.58,buy,293588569
1750568555797,81.11,6.527,buy,293588570
1750568555972,81.1,0.306,sell,293588571
1750568557249,81.1,2.573,sell,293588572
1750568559533,81.1,0.297,sell,293588573
1750568559902,81.11,0.092,buy,293588574
1750568560441,81.1,0.11,sell,293588575
1750568560789,81.11,4.907,buy,293588576
1750568560905,81.11,0.229,buy,293588577
1750568562574,81.1,3.072,buy,293588578
1750568562580,81.1,0.13,buy,293588579
1750568565784,81.1,3.609,buy,293588580
1750568565998,81.09,1.294,sell,293588581
1750568570799,81.1,7.9,buy,293588582
1750568571788,81.1,3.639,buy,293588583
1750568571788,81.11,15.198,buy,293588584
1750568572757,81.11,0.08,buy,293588585
1750568573724,81.1,0.173,sell,293588586
1750568575798,81.11,12.237,buy,293588587
1750568577788,81.11,3.996,buy,293588588
1750568577800,81.11,0.13,buy,293588589
1750568577957,81.11,27.473,sell,293588590
1750568580783,81.12,3.734,buy,293588591
1750568581066,81.12,5.712,buy,293588592
1750568581074,81.13,2.851,buy,293588593
1750568581081,81.14,5.6,buy,293588594
1750568581145,81.15,1.181,buy,293588595
1750568581154,81.15,0.068,buy,293588596
1750568582305,81.15,5.045,buy,293588597
1750568583038,81.15,0.123,sell,293588598
1750568586661,81.15,0.159,sell,293588599
1750568586668,81.14,0.279,sell,293588600
1750568586668,81.13,1.324,sell,293588601
1750568586669,81.13,4.561,sell,293588602
1750568589393,81.13,0.124,sell,293588603
1750568590791,81.13,4.058,buy,293588604
1750568590792,81.13,5.63,buy,293588605
1750568591092,81.12,0.124,sell,293588606
1750568592784,81.12,4.071,buy,293588607
1750568592784,81.13,9.631,buy,293588608
1750568595277,81.12,3.555,buy,293588609
1750568595396,81.13,0.384,buy,293588610
1750568595396,81.14,0.365,buy,293588611
1750568595768,81.13,1.207,sell,293588612
1750568595796,81.14,0.542,buy,293588613
1750568595796,81.15,14.634,buy,293588614
1750568598197,81.14,0.53,buy,293588615
1750568601046,81.14,6.139,buy,293588616
1750568601178,81.15,0.449,buy,293588617
1750568601178,81.16,0.167,buy,293588618
1750568602242,81.15,0.938,sell,293588619
1750568602788,81.16,4.059,buy,293588620
1750568603534,81.16,1.919,buy,293588621
1750568604483,81.15,16.212,sell,293588622
1750568604483,81.14,4.149,sell,293588623
1750568604639,81.14,0.616,sell,293588624
1750568606472,81.15,0.246,buy,293588625
1750568606791,81.15,13.028,buy,293588626
1750568606791,81.16,2.603,buy,293588627
1750568607785,81.16,12.715,buy,293588628
1750568609003,81.16,4.388,buy,293588629
1750568609477,81.17,0.517,buy,293588630
1750568610790,81.18,5.702,buy,293588631
1750568610796,81.18,0.13,buy,293588632
1750568610796,81.19,5.683,buy,293588633
1750568613773,81.19,0.731,buy,293588634
1750568614554,81.18,8.037,sell,293588635
1750568614814,81.18,7.995,sell,293588636
1750568614814,81.17,15.323,sell,293588637
1750568616924,81.18,3.362,buy,293588638
1750568618646,81.19,0.43,buy,293588639
1750568620796,81.19,4.21,buy,293588640
1750568620796,81.2,6.066,buy,293588641
1750568620796,81.21,1.249,buy,293588642
1750568620797,81.21,3.447,buy,293588643
1750568621265,81.19,1.181,sell,293588644
1750568621632,81.2,0.26,buy,293588645
1750568621642,81.21,19.166,buy,293588646
1750568622790,81.22,3.588,buy,293588647
1750568624286,81.21,2.218,sell,293588648
1750568624629,81.22,7.104,buy,293588649
1750568624800,81.23,0.393,buy,293588650
1750568625785,81.24,5.065,buy,293588651
1750568625790,81.24,0.13,buy,293588652
1750568625790,81.25,6.924,buy,293588653
1750568625799,81.25,0.068,buy,293588654
1750568627786,81.25,5.163,buy,293588655
1750568627786,81.26,13.079,buy,293588656
1750568628060,81.26,0.13,buy,293588657
1750568628995,81.27,6.186,buy,293588658
1750568629082,81.28,0.925,buy,293588659
1750568629603,81.28,3.622,sell,293588660
1750568630126,81.28,0.118,sell,293588661
1750568631249,81.27,2.879,sell,293588662
1750568631790,81.28,5.458,buy,293588663
1750568631790,81.29,6.78,buy,293588664
1750568633838,81.27,1.422,sell,293588665
1750568635037,81.27,3.935,buy,293588666
1750568638782,81.25,0.187,sell,293588667
1750568638831,81.26,4.516,buy,293588668
1750568638832,81.26,0.065,buy,293588669
1750568640788,81.27,4.104,buy,293588670
1750568640788,81.28,0.449,buy,293588671
1750568640788,81.29,7.474,buy,293588672
1750568640790,81.29,6.93,buy,293588673
1750568642012,81.29,5.789,buy,293588674
1750568642711,81.27,9.51,sell,293588675
1750568642712,81.27,1.957,sell,293588676
1750568643550,81.26,0.12,sell,293588677
1750568644594,81.26,19.387,sell,293588678
1750568645882,81.27,0.166,buy,293588679
1750568647445,81.27,4.287,buy,293588680
1750568649825,81.27,0.066,sell,293588681
1750568650535,81.26,0.491,sell,293588682
1750568650784,81.27,6.635,buy,293588683
1750568650790,81.27,4.916,buy,293588684
1750568651422,81.27,9.488,sell,293588685
1750568651424,81.27,3.162,sell,293588686
1750568652249,81.26,0.412,sell,293588687
1750568652396,81.25,0.124,sell,293588688
1750568652786,81.25,16.108,buy,293588689
1750568652791,81.25,3.157,buy,293588690
1750568653147,81.24,0.192,sell,293588691
1750568653586,81.24,0.195,buy,293588692
1750568653827,81.24,0.162,sell,293588693
1750568655066,81.24,1.617,buy,293588694
1750568656743,81.23,0.064,sell,293588695
1750568656779,81.24,0.559,buy,293588696
1750568658457,81.24,5.669,buy,293588697
1750568661708,81.24,9.858,sell,293588698
1750568662790,81.25,9.523,buy,293588699
1750568665109,81.25,0.246,buy,293588700
1750568665322,81.24,2.949,sell,293588701
1750568665788,81.25,7.198,buy,293588702
1750568665788,81.26,1.953,buy,293588703
1750568668355,81.26,0.087,buy,293588704
1750568670794,81.26,3.422,buy,293588705
1750568671700,81.24,0.124,sell,293588706
1750568672786,81.24,3.325,buy,293588707
1750568672786,81.25,17.512,buy,293588708
1750568673110,81.25,25,buy,293588709
1750568673218,81.25,0.195,buy,293588710
1750568674764,81.26,2.132,buy,293588711
1750568675784,81.26,9.258,buy,293588712
1750568676507,81.25,1.275,sell,293588713
1750568676855,81.26,6.625,buy,293588714
1750568677082,81.27,0.393,buy,293588715
1750568679560,81.27,7.5,sell,293588716
1750568680702,81.27,0.078,sell,293588717
1750568680788,81.27,18.544,buy,293588718
1750568682039,81.27,0.075,buy,293588719
1750568685784,81.27,8.8,buy,293588720
1750568685789,81.27,7.259,buy,293588721
1750568686203,81.27,0.109,buy,293588722
1750568686612,81.27,0.246,buy,293588723
1750568690389,81.26,0.192,sell,293588724
1750568690593,81.25,0.124,sell,293588725
1750568691596,81.25,0.135,buy,293588726
1750568695621,81.25,1.023,buy,293588727
1750568702785,81.25,7.035,buy,293588728
1750568702785,81.26,0.187,buy,293588729
1750568702789,81.26,0.262,buy,293588730
1750568702789,81.27,8.733,buy,293588731
1750568703039,81.27,0.801,buy,293588732
1750568703835,81.27,0.088,buy,293588733
1750568704036,81.27,0.144,buy,293588734
1750568706705,81.27,3.832,buy,293588735
1750568708929,81.26,2.13,sell,293588736
1750568710788,81.27,0.44,buy,293588737
1750568710789,81.27,3.912,buy,293588738
1750568710789,81.28,4.915,buy,293588739
1750568711216,81.27,6.968,sell,293588740
1750568711504,81.28,0.13,buy,293588741
1750568712785,81.29,3.982,buy,293588742
1750568712785,81.3,4.471,buy,293588743
1750568713026,81.29,8,sell,293588744
1750568713865,81.28,0.186,sell,293588745
1750568713956,81.27,0.064,sell,293588746
1750568717410,81.28,7.25,buy,293588747
1750568717411,81.28,0.065,buy,293588748
1750568717419,81.29,0.542,buy,293588749
1750568719666,81.29,0.149,sell,293588750
1750568719817,81.29,0.124,sell,293588751
1750568720793,81.29,4.412,buy,293588752
1750568721035,81.28,0.124,sell,293588753
1750568722788,81.28,6.475,buy,293588754
1750568722790,81.28,10.697,buy,293588755
1750568724139,81.28,0.615,buy,293588756
1750568728120,81.27,9.574,sell,293588757
1750568731965,81.26,8.153,sell,293588758
1750568732350,81.26,0.277,sell,293588759
1750568734206,81.26,14.093,buy,293588760
1750568735011,81.25,0.418,sell,293588761
1750568735077,81.24,0.083,sell,293588762
1750568735085,81.24,0.109,sell,293588763
1750568735090,81.24,0.151,buy,293588764
1750568735090,81.24,1.595,buy,293588765
1750568735785,81.24,3.363,buy,293588766
1750568737688,81.24,1.533,buy,293588767
1750568737785,81.24,9.345,buy,293588768
1750568740196,81.24,0.2,buy,293588769
1750568740792,81.24,3.436,buy,293588770
1750568741724,81.24,0.13,buy,293588771
1750568741724,81.25,0.1,buy,293588772
1750568745084,81.25,4.666,buy,293588773
1750568745786,81.26,0.449,buy,293588774
1750568745786,81.27,0.511,buy,293588775
1750568745786,81.28,8.022,buy,293588776
1750568747422,81.27,0.087,sell,293588777
1750568750798,81.28,6.86,buy,293588778
1750568752384,81.28,3.775,buy,293588779
1750568752685,81.29,0.517,buy,293588780
1750568752786,81.3,10.284,buy,293588781
1750568752786,81.31,5.765,buy,293588782
1750568752789,81.31,0.068,buy,293588783
1750568755792,81.31,5.57,buy,293588784
1750568757423,81.3,0.112,sell,293588785
1750568757788,81.3,4.206,buy,293588786
1750568758079,81.29,4.216,sell,293588787
1750568760551,81.29,0.124,sell,293588788
1750568765400,81.29,0.234,buy,293588789
1750568770789,81.29,3.02,buy,293588790
1750568770789,81.3,0.446,buy,293588791
1750568770789,81.31,0.11,buy,293588792
1750568770901,81.3,7.995,sell,293588793
1750568771016,81.28,1.846,sell,293588794
1750568772785,81.29,9.137,buy,293588795
1750568775775,81.28,0.93,sell,293588796
1750568776064,81.28,0.124,sell,293588797
1750568776274,81.27,0.124,sell,293588798
1750568777906,81.27,1.23,buy,293588799
1750568780784,81.27,9.157,buy,293588800
1750568781212,81.27,0.113,buy,293588801
1750568781276,81.27,1.796,buy,293588802
1750568781311,81.27,0.421,buy,293588803
1750568782785,81.27,19.796,buy,293588804
1750568782789,81.27,4.382,buy,293588805
1750568782789,81.28,4.858,buy,293588806
1750568783398,81.28,10.056,buy,293588807
1750568783400,81.29,0.418,buy,293588808
1750568783499,81.3,1.783,buy,293588809
1750568783499,81.31,6.687,buy,293588810
1750568784712,81.3,0.065,sell,293588811
1750568785791,81.3,10.061,buy,293588812
1750568785791,81.3,6.121,buy,293588813
1750568787707,81.3,0.345,buy,293588814
1750568788900,81.3,0.766,buy,293588815
1750568792339,81.3,0.219,buy,293588816
1750568794443,81.3,1.466,buy,293588817
1750568799084,81.31,2.374,buy,293588818
1750568800790,81.31,7.002,buy,293588819
1750568803379,81.29,0.189,sell,293588820
1750568803472,81.28,0.257,sell,293588821
1750568805784,81.27,7.608,buy,293588822
1750568807513,81.26,0.257,sell,293588823
1750568812784,81.26,0.995,buy,293588824
1750568812784,81.27,0.446,buy,293588825
1750568812784,81.28,7.69,buy,293588826
1750568820102,81.27,6.645,buy,293588827
1750568822173,81.28,0.836,buy,293588828
1750568822785,81.29,0.325,buy,293588829
1750568822785,81.3,8.041,buy,293588830
1750568822785,81.31,8.499,buy,293588831
1750568822789,81.31,6.845,buy,293588832
1750568822836,81.31,6.794,buy,293588833
1750568822836,81.32,24.622,buy,293588834
1750568822836,81.33,93.876,buy,293588835
1750568822836,81.34,245.64,buy,293588836
1750568822838,81.33,9.17,sell,293588837
1750568822838,81.33,0.498,sell,293588838
1750568822838,81.32,0.584,sell,293588839
1750568822839,81.33,4.925,sell,293588840
1750568822964,81.32,0.195,sell,293588841
1750568822972,81.31,0.588,sell,293588842
1750568823260,81.31,0.384,sell,293588843
1750568823490,81.3,0.384,sell,293588844
1750568823673,81.29,3.908,sell,293588845
1750568823677,81.29,0.13,sell,293588846
1750568824072,81.28,0.066,sell,293588847
1750568825610,81.28,1.124,sell,293588848
1750568828612,81.29,0.123,buy,293588849
1750568830790,81.29,0.693,buy,293588850
1750568830790,81.3,12.655,buy,293588851
1750568831543,81.3,0.13,buy,293588852
1750568832514,81.3,0.26,sell,293588853
1750568833810,81.29,0.384,sell,293588854
1750568833918,81.28,1.432,sell,293588855
1750568837060,81.28,0.13,sell,293588856
1750568840788,81.28,4.515,buy,293588857
1750568842789,81.28,4.686,buy,293588858
1750568843062,81.28,1.232,buy,293588859
1750568843580,81.28,0.195,buy,293588860
1750568847109,81.29,0.285,buy,293588861
1750568847785,81.29,7.554,buy,293588862
1750568848395,81.28,0.195,sell,293588863
1750568850788,81.28,4.729,buy,293588864
1750568852315,81.27,3.5,sell,293588865
1750568852316,81.27,0.065,sell,293588866
1750568852322,81.26,11.067,sell,293588867
1750568857784,81.27,11.705,buy,293588868
1750568857788,81.27,5.803,buy,293588869
1750568860226,81.26,0.329,sell,293588870
1750568860227,81.26,0.065,sell,293588871
1750568860788,81.26,4.735,buy,293588872
1750568861991,81.26,0.613,buy,293588873
1750568870796,81.26,0.378,buy,293588874
1750568870796,81.27,10.041,buy,293588875
1750568871873,81.27,0.195,buy,293588876
1750568872785,81.28,8.48,buy,293588877
1750568873339,81.27,2.178,sell,293588878
1750568874321,81.28,2.873,buy,293588879
1750568874872,81.28,0.13,buy,293588880
1750568875797,81.29,5.848,buy,293588881
1750568877679,81.29,0.13,buy,293588882
1750568877679,81.3,0.207,buy,293588883
1750568877935,81.29,1.153,sell,293588884
1750568879334,81.3,0.375,buy,293588885
1750568880110,81.3,0.187,sell,293588886
1750568882663,81.31,0.828,buy,293588887
1750568882788,81.31,11.663,buy,293588888
1750568885037,81.31,0.13,buy,293588889
1750568887666,81.3,3.5,sell,293588890
1750568887669,81.3,0.124,sell,293588891
1750568887784,81.3,14.826,buy,293588892
1750568889134,81.3,4.488,buy,293588893
1750568890158,81.3,0.602,buy,293588894
1750568890746,81.3,2.628,buy,293588895
1750568890789,81.31,8.243,buy,293588896
1750568890822,81.31,0.13,buy,293588897
1750568891342,81.32,1.635,buy,293588898
1750568891810,81.31,0.149,sell,293588899
1750568891926,81.31,0.149,sell,293588900
1750568892023,81.31,0.149,sell,293588901
1750568893088,81.31,0.933,sell,293588902
1750568895079,81.32,0.367,buy,293588903
1750568897061,81.31,1.01,sell,293588904
1750568900789,81.31,13.49,buy,293588905
1750568902788,81.31,3.874,buy,293588906
1750568903090,81.31,0.13,buy,293588907
1750568903570,81.31,0.318,buy,293588908
1750568904742,81.3,0.302,sell,293588909
1750568904752,81.29,0.285,sell,293588910
1750568906057,81.28,0.124,sell,293588911
1750568906700,81.27,0.498,sell,293588912
1750568907785,81.27,13.909,buy,293588913
1750568908055,81.27,0.176,buy,293588914
1750568911295,81.27,0.13,buy,293588915
1750568917161,81.28,0.325,buy,293588916
1750568918606,81.29,0.517,buy,293588917
1750568920605,81.3,0.449,buy,293588918
1750568920789,81.31,0.449,buy,293588919
1750568920789,81.32,2.908,buy,293588920
1750568922787,81.32,6.142,buy,293588921
1750568924132,81.31,0.195,buy,293588922
1750568924167,81.32,0.261,buy,293588923
1750568927785,81.31,0.195,buy,293588924
1750568927785,81.32,16.542,buy,293588925
1750568930742,81.32,0.216,buy,293588926
1750568933598,81.32,0.614,buy,293588927
1750568935796,81.32,9.404,buy,293588928
1750568935796,81.32,3.325,buy,293588929
1750568937401,81.32,1.229,buy,293588930
1750568941408,81.32,0.336,buy,293588931
1750568947788,81.32,0.26,buy,293588932
1750568947788,81.33,3.13,buy,293588933
1750568947789,81.33,10.041,buy,293588934
1750568950788,81.32,5.828,buy,293588935
1750568950789,81.32,7.357,buy,293588936
1750568954937,81.3,9.887,sell,293588937
1750568957593,81.3,0.212,buy,293588938
1750568959726,81.29,6.188,sell,293588939
1750568959726,81.28,12.225,sell,293588940
1750568959726,81.27,10.384,sell,293588941
1750568959802,81.28,0.195,buy,293588942
1750568962786,81.28,16.213,buy,293588943
1750568962881,81.28,0.13,buy,293588944
1750568965044,81.28,2.971,buy,293588945
1750568965048,81.29,46.164,buy,293588946
1750568965051,81.29,8.201,buy,293588947
1750568965052,81.29,5.352,buy,293588948
1750568970765,81.28,0.124,sell,293588949
1750568973735,81.27,0.192,sell,293588950
1750568975000,81.26,0.403,sell,293588951
1750568975798,81.26,4.133,buy,293588952
1750568976662,81.26,0.13,buy,293588953
1750568977671,81.27,1.007,buy,293588954
1750568978665,81.27,0.222,buy,293588955
1750568980789,81.28,2.187,buy,293588956
1750568980789,81.29,6.611,buy,293588957
1750568982451,81.28,0.195,buy,293588958
1750568982784,81.29,14.062,buy,293588959
1750568985880,81.29,0.537,buy,293588960
1750568988279,81.27,0.124,sell,293588961
1750568994701,81.27,0.325,buy,293588962
1750568996795,81.28,1.375,buy,293588963
1750568996892,81.28,0.129,buy,293588964
1750568997426,81.28,0.13,buy,293588965
1750568999117,81.29,0.449,buy,293588966
1750569001298,81.28,3.873,sell,293588967
1750569002784,81.28,4.898,buy,293588968
1750569002784,81.29,14.223,buy,293588969
1750569008187,81.28,0.203,sell,293588970
1750569010790,81.29,5.254,buy,293588971
1750569012192,81.29,3.442,buy,293588972
1750569013466,81.28,0.195,buy,293588973
1750569015816,81.29,5.838,buy,293588974
1750569016656,81.29,0.384,buy,293588975
1750569016799,81.3,0.449,buy,293588976
1750569017933,81.3,0.195,buy,293588977
1750569022838,81.31,0.449,buy,293588978
1750569023631,81.31,2.005,sell,293588979
1750569027197,81.3,0.124,sell,293588980
1750569027785,81.29,9.442,buy,293588981
1750569027785,81.3,6.443,buy,293588982
1750569028105,81.3,0.162,buy,293588983
1750569030093,81.29,0.195,buy,293588984
1750569030272,81.3,26.229,buy,293588985
1750569032655,81.31,0.138,buy,293588986
1750569034059,81.31,0.614,buy,293588987
1750569035666,81.31,0.23,buy,293588988
1750569035800,81.31,8.574,buy,293588989
1750569040789,81.3,0.26,buy,293588990
1750569040789,81.31,0.482,buy,293588991
1750569040789,81.32,5.183,buy,293588992
1750569041262,81.3,0.547,sell,293588993
1750569042071,81.3,0.124,sell,293588994
1750569045948,81.29,0.986,sell,293588995
1750569047062,81.29,1.228,buy,293588996
1750569051850,81.29,0.315,buy,293588997
1750569052789,81.29,21.047,buy,293588998
1750569053200,81.29,4.917,buy,293588999
1750569056076,81.28,0.461,sell,293589000
1750569062849,81.27,2.446,sell,293589001
1750569062933,81.26,1.181,sell,293589002
1750569066145,81.26,0.123,buy,293589003
1750569066800,81.26,0.176,buy,293589004
1750569067478,81.25,0.497,sell,293589005
1750569067478,81.24,0.195,sell,293589006
1750569070790,81.25,5.379,buy,293589007
1750569070790,81.26,4.074,buy,293589008
1750569070790,81.26,9.072,buy,293589009
1750569070855,81.25,0.509,sell,293589010
1750569070912,81.25,0.074,sell,293589011
1750569071361,81.25,0.482,sell,293589012
1750569072059,81.25,0.577,sell,293589013
1750569072339,81.25,0.296,sell,293589014
1750569073846,81.25,0.56,buy,293589015
1750569073944,81.25,0.692,sell,293589016
1750569074241,81.25,0.573,sell,293589017
1750569074643,81.25,0.424,sell,293589018
1750569074906,81.26,0.384,buy,293589019
1750569074941,81.26,0.42,sell,293589020
1750569075350,81.26,0.565,sell,293589021
1750569075756,81.26,0.411,sell,293589022
1750569076213,81.26,0.407,sell,293589023
1750569077200,81.27,0.449,buy,293589024
1750569082784,81.28,14.21,buy,293589025
1750569085742,81.27,0.195,buy,293589026
1750569087408,81.26,0.55,sell,293589027
1750569087737,81.26,0.124,sell,293589028
1750569087739,81.25,0.349,sell,293589029
1750569087884,81.25,1.012,sell,293589030
1750569088040,81.25,0.527,sell,293589031
1750569088331,81.25,0.521,sell,293589032
1750569088589,81.25,17.81,buy,293589033
1750569088589,81.26,38.504,buy,293589034
1750569088741,81.25,0.52,sell,293589035
1750569089032,81.25,0.517,sell,293589036
1750569089352,81.25,0.376,sell,293589037
1750569089632,81.25,0.515,sell,293589038
1750569089930,81.25,0.509,sell,293589039
1750569090235,81.25,0.504,sell,293589040
1750569090543,81.25,0.499,sell,293589041
1750569090942,81.25,0.381,sell,293589042
1750569091136,81.26,1.095,buy,293589043
1750569091242,81.25,0.372,sell,293589044
1750569091545,81.25,0.368,sell,293589045
1750569091841,81.25,0.365,sell,293589046
1750569092232,81.25,0.361,sell,293589047
1750569092532,81.25,0.47,sell,293589048
1750569093130,81.25,0.465,sell,293589049
1750569093431,81.25,0.521,sell,293589050
1750569093737,81.25,0.515,sell,293589051
1750569094377,81.25,0.51,sell,293589052
1750569095418,81.26,0.195,buy,293589053
1750569095540,81.26,0.575,sell,293589054
1750569095794,81.26,0.589,sell,293589055
1750569096243,81.26,0.743,sell,293589056
1750569096596,81.26,0.598,sell,293589057
1750569097037,81.26,0.572,sell,293589058
1750569097589,81.26,0.566,sell,293589059
1750569097598,81.26,4.26,sell,293589060
1750569097598,81.25,8.05,sell,293589061
1750569097784,81.26,13.804,buy,293589062
1750569098461,81.25,0.343,sell,293589063
1750569098723,81.25,0.323,sell,293589064
1750569098955,81.25,0.268,sell,293589065
1750569099340,81.25,0.266,sell,293589066
1750569099640,81.25,0.264,sell,293589067
1750569100398,81.25,0.261,sell,293589068
1750569100791,81.26,8.558,buy,293589069
1750569100931,81.25,0.258,sell,293589070
1750569101509,81.25,0.256,sell,293589071
1750569101767,81.25,0.253,sell,293589072
1750569102031,81.25,0.251,sell,293589073
1750569102541,81.25,0.361,sell,293589074
1750569103180,81.25,0.371,sell,293589075
1750569103542,81.25,0.467,sell,293589076
1750569103837,81.25,0.449,sell,293589077
1750569104139,81.25,0.455,sell,293589078
1750569104440,81.25,0.44,sell,293589079
1750569105139,81.25,0.335,sell,293589080
1750569106981,81.25,0.388,sell,293589081
1750569107453,81.25,0.384,sell,293589082
1750569107696,81.24,5.563,sell,293589083
1750569108272,81.23,0.665,sell,293589084
1750569108306,81.24,1.532,buy,293589085
1750569108458,81.24,0.092,buy,293589086
1750569110797,81.24,4.902,buy,293589087
1750569110797,81.25,0.528,buy,293589088
1750569110909,81.24,0.513,sell,293589089
1750569111548,81.23,0.293,sell,293589090
1750569111548,81.22,0.199,sell,293589091
1750569112042,81.22,0.413,sell,293589092
1750569112042,81.21,0.328,sell,293589093
1750569113621,81.22,0.084,buy,293589094
1750569115195,81.21,1.174,sell,293589095
1750569115440,81.21,1.161,sell,293589096
1750569115740,81.21,1.15,sell,293589097
1750569116041,81.21,1.135,sell,293589098
1750569117784,81.22,17.487,buy,293589099
1750569117784,81.23,1.555,buy,293589100
1750569120017,81.22,0.664,buy,293589101
1750569124378,81.21,0.159,sell,293589102
1750569125748,81.21,0.195,buy,293589103
1750569130791,81.22,4.826,buy,293589104
1750569135552,81.22,0.311,buy,293589105
1750569136864,81.22,2.245,buy,293589106
1750569137816,81.23,1.501,buy,293589107
1750569139742,81.24,0.23,buy,293589108
1750569140019,81.24,0.615,buy,293589109
1750569140786,81.24,0.263,buy,293589110
1750569140786,81.25,6.035,buy,293589111
1750569140944,81.24,8.751,sell,293589112
1750569142785,81.25,11.879,buy,293589113
1750569147441,81.24,0.537,sell,293589114
1750569148066,81.24,0.677,sell,293589115
1750569148143,81.24,0.525,sell,293589116
1750569149295,81.24,0.519,sell,293589117
1750569149532,81.24,0.514,sell,293589118
1750569149841,81.24,0.509,sell,293589119
1750569149956,81.25,0.307,buy,293589120
1750569150358,81.24,0.504,sell,293589121
1750569150733,81.24,0.499,sell,293589122
1750569151113,81.25,0.538,buy,293589123
1750569151242,81.25,0.66,sell,293589124
1750569151583,81.25,0.395,sell,293589125
1750569151933,81.25,0.391,sell,293589126
1750569151972,81.26,0.517,buy,293589127
1750569152215,81.26,0.469,sell,293589128
1750569152538,81.26,0.365,sell,293589129
1750569153084,81.26,0.361,sell,293589130
1750569154739,81.26,0.263,sell,293589131
1750569155656,81.26,0.184,sell,293589132
1750569155786,81.27,0.517,buy,293589133
1750569155786,81.28,4.284,buy,293589134
1750569155803,81.27,0.298,sell,293589135
1750569156130,81.27,0.362,sell,293589136
1750569156496,81.28,0.13,buy,293589137
1750569156530,81.28,0.432,sell,293589138
1750569156797,81.28,0.482,sell,293589139
1750569157067,81.28,0.344,sell,293589140
1750569157342,81.28,0.341,sell,293589141
1750569160786,81.29,8.352,buy,293589142
1750569161403,81.29,0.13,buy,293589143
1750569161403,81.3,0.007,buy,293589144
1750569162784,81.3,0.51,buy,293589145
1750569162784,81.31,12.241,buy,293589146
1750569162784,81.32,4.635,buy,293589147
1750569162784,81.33,1.323,buy,293589148
1750569162787,81.33,0.068,buy,293589149
1750569166386,81.33,27.581,buy,293589150
1750569166386,81.34,56.237,buy,293589151
1750569169300,81.34,6.149,sell,293589152
1750569169373,81.34,70.523,sell,293589153
1750569169373,81.34,14.819,sell,293589154
1750569169373,81.34,35.166,sell,293589155
1750569169373,81.34,42.79,sell,293589156
1750569169374,81.34,32.388,sell,293589157
1750569169374,81.34,9.655,sell,293589158
1750569169376,81.33,0.124,sell,293589159
1750569169379,81.32,4,sell,293589160
1750569169775,81.32,0.122,sell,293589161
1750569170420,81.33,1.533,buy,293589162
1750569171203,81.31,0.124,sell,293589163
1750569175796,81.31,8.489,buy,293589164
1750569176209,81.3,0.701,sell,293589165
1750569177375,81.3,0.709,sell,293589166
1750569177509,81.3,5.137,sell,293589167
1750569179678,81.3,0.124,sell,293589168
1750569180077,81.29,0.124,sell,293589169
1750569187785,81.29,18.394,buy,293589170
1750569187785,81.3,0.694,buy,293589171
1750569188378,81.3,0.504,buy,293589172
1750569190785,81.3,6.302,buy,293589173
1750569190881,81.3,0.715,buy,293589174
1750569194848,81.3,0.26,buy,293589175
1750569196387,81.3,0.5,sell,293589176
1750569197132,81.31,0.449,buy,293589177
1750569197825,81.32,0.944,buy,293589178
1750569201353,81.32,0.275,buy,293589179
1750569202903,81.32,11.63,buy,293589180
1750569202903,81.32,16.208,buy,293589181
1750569203711,81.32,3.69,sell,293589182
1750569204531,81.32,3.69,sell,293589183
1750569205332,81.31,3.691,sell,293589184
1750569205474,81.32,0.283,buy,293589185
1750569206119,81.31,3.691,sell,293589186
1750569206878,81.31,3.615,sell,293589187
1750569210791,81.32,6.191,buy,293589188
1750569210791,81.33,2.262,buy,293589189
1750569212785,81.33,16.691,buy,293589190
1750569214080,81.31,0.124,sell,293589191
1750569216022,81.31,0.195,buy,293589192
1750569217032,81.3,0.124,sell,293589193
1750569218756,81.3,0.331,buy,293589194
1750569219062,81.29,0.192,sell,293589195
1750569220788,81.29,5.991,buy,293589196
1750569220788,81.29,5.297,buy,293589197
1750569221734,81.29,0.325,buy,293589198
1750569221734,81.3,0.15,buy,293589199
1750569231936,81.28,0.803,sell,293589200
1750569232785,81.29,0.195,buy,293589201
1750569232785,81.3,16.498,buy,293589202
1750569233073,81.3,0.307,buy,293589203
1750569242506,81.3,0.22,buy,293589204
1750569243186,81.29,0.069,sell,293589205
1750569245789,81.29,0.325,buy,293589206
1750569245789,81.3,9.583,buy,293589207
1750569250789,81.29,0.26,buy,293589208
1750569250789,81.3,4.511,buy,293589209
1750569250789,81.31,3.705,buy,293589210
1750569251403,81.3,0.198,sell,293589211
1750569251911,81.31,0.123,buy,293589212
1750569257784,81.31,10.64,buy,293589213
1750569263413,81.3,0.402,sell,293589214
1750569265197,81.29,0.124,sell,293589215
1750569269400,81.28,0.124,sell,293589216
1750569269582,81.28,0.576,buy,293589217
1750569269894,81.28,0.195,buy,293589218
1750569270545,81.29,9.797,buy,293589219
1750569271094,81.3,0.449,buy,293589220
1750569271094,81.31,1.001,buy,293589221
1750569272785,81.31,4.53,buy,293589222
1750569272785,81.32,13.627,buy,293589223
1750569273597,81.32,0.534,buy,293589224
1750569276042,81.31,0.371,sell,293589225
1750569278755,81.32,0.117,buy,293589226
1750569279800,81.32,0.142,buy,293589227
1750569280788,81.32,9.735,buy,293589228
1750569285789,81.32,0.195,buy,293589229
1750569285789,81.33,8.597,buy,293589230
1750569293221,81.33,0.26,buy,293589231
1750569294186,81.34,0.246,buy,293589232
1750569295103,81.34,1.008,buy,293589233
1750569297784,81.33,7.481,buy,293589234
1750569298294,81.33,0.236,buy,293589235
1750569299264,81.33,0.116,buy,293589236
1750569299960,81.32,0.124,sell,293589237
1750569305399,81.32,4.303,buy,293589238
1750569305571,81.32,12.779,buy,293589239
1750569307784,81.33,0.284,buy,293589240
1750569307784,81.34,4.079,buy,293589241
1750569307784,81.35,14.858,buy,293589242
1750569308163,81.34,0.3,sell,293589243
1750569308543,81.34,0.107,buy,293589244
1750569309024,81.33,0.066,sell,293589245
1750569310070,81.33,0.124,sell,293589246
1750569310166,81.32,0.217,sell,293589247
1750569310788,81.32,7.518,buy,293589248
1750569312465,81.31,0.211,sell,293589249
1750569316545,81.3,0.192,sell,293589250
1750569317181,81.3,0.195,buy,293589251
1750569319089,81.31,18.814,buy,293589252
1750569319089,81.31,0.065,buy,293589253
1750569322641,81.31,12.332,sell,293589254
1750569325132,81.31,0.195,buy,293589255
1750569326956,81.32,0.112,buy,293589256
1750569327694,81.32,0.278,buy,293589257
1750569327694,81.33,0.511,buy,293589258
1750569327694,81.34,0.001,buy,293589259
1750569328064,81.33,1.091,sell,293589260
1750569328774,81.33,1.181,sell,293589261
1750569328998,81.33,3,sell,293589262
1750569329095,81.33,0.724,sell,293589263
1750569329095,81.32,0.328,sell,293589264
1750569330793,81.33,4.263,buy,293589265
1750569331097,81.33,0.098,buy,293589266
1750569331120,81.32,0.124,sell,293589267
1750569332035,81.32,0.376,buy,293589268
1750569332785,81.32,0.195,buy,293589269
1750569332785,81.33,6.96,buy,293589270
1750569333006,81.32,9.127,sell,293589271
1750569333118,81.31,1.181,sell,293589272
1750569335044,81.32,0.195,buy,293589273
1750569335044,81.33,0.15,buy,293589274
1750569337124,81.33,10.887,buy,293589275
1750569340521,81.34,0.32,buy,293589276
1750569340789,81.34,9.185,buy,293589277
1750569340847,81.33,0.888,sell,293589278
1750569340848,81.33,0.293,sell,293589279
1750569340862,81.33,1.181,sell,293589280
1750569341272,81.33,4.324,sell,293589281
1750569341274,81.32,0.124,sell,293589282
1750569341424,81.32,8.006,buy,293589283
1750569341424,81.32,0.065,buy,293589284
1750569341438,81.33,6.815,buy,293589285
1750569342786,81.34,17.289,buy,293589286
1750569343562,81.34,0.13,buy,293589287
1750569344031,81.35,26.757,buy,293589288
1750569344031,81.36,10.794,buy,293589289
1750569345790,81.36,6.566,buy,293589290
1750569348409,81.36,7.491,buy,293589291
1750569357530,81.37,0.393,buy,293589292
1750569357530,81.38,0.551,buy,293589293
1750569360849,81.37,0.26,buy,293589294
1750569362134,81.38,0.6,buy,293589295
1750569362141,81.38,0.282,sell,293589296
1750569363508,81.39,0.569,buy,293589297
1750569364287,81.39,0.188,sell,293589298
1750569364348,81.39,0.188,sell,293589299
1750569365892,81.4,1.493,buy,293589300
1750569366172,81.39,2.337,sell,293589301
1750569367785,81.39,2.908,buy,293589302
1750569367785,81.4,13.132,buy,293589303
1750569370790,81.39,0.325,buy,293589304
1750569370790,81.4,6.209,buy,293589305
1750569371382,81.4,0.26,buy,293589306
1750569371469,81.4,0.242,sell,293589307
1750569373548,81.4,0.249,sell,293589308
1750569375815,81.41,7.358,buy,293589309
1750569379268,81.39,0.123,sell,293589310
1750569383071,81.39,0.26,buy,293589311
1750569385066,81.4,18.918,buy,293589312
1750569386598,81.4,0.13,buy,293589313
1750569387007,81.4,0.24,sell,293589314
1750569387786,81.41,12.865,buy,293589315
1750569387964,81.41,1.202,buy,293589316
1750569388454,81.41,0.149,buy,293589317
1750569389970,81.4,0.106,sell,293589318
1750569393001,81.4,0.067,sell,293589319
1750569395496,81.4,2.284,buy,293589320
1750569396179,81.39,0.123,sell,293589321
1750569396377,81.38,1.223,sell,293589322
1750569396437,81.38,1.473,sell,293589323
1750569397195,81.38,0.11,buy,293589324
1750569399685,81.38,0.195,buy,293589325
1750569400797,81.39,0.448,buy,293589326
1750569400797,81.4,4.219,buy,293589327
1750569407784,81.4,18.069,buy,293589328
1750569408704,81.4,0.062,buy,293589329
1750569409294,81.4,1.429,buy,293589330
1750569414108,81.4,4.711,sell,293589331
1750569416319,81.4,5.006,buy,293589332
1750569417322,81.41,0.33,buy,293589333
1750569417322,81.41,0.063,buy,293589334
1750569417367,81.42,0.838,buy,293589335
1750569418214,81.43,2.458,buy,293589336
1750569420047,81.44,0.388,buy,293589337
1750569420697,81.44,0.161,buy,293589338
1750569420787,81.44,6.34,buy,293589339
1750569420788,81.44,7.615,buy,293589340
1750569421678,81.42,0.123,sell,293589341
1750569422466,81.41,0.123,sell,293589342
1750569423601,81.41,9.717,buy,293589343
1750569423602,81.41,0.065,buy,293589344
1750569427158,81.42,0.46,buy,293589345
1750569427158,81.43,0.301,buy,293589346
1750569427785,81.42,0.195,buy,293589347
1750569427785,81.43,0.026,buy,293589348
1750569428677,81.43,0.094,buy,293589349
1750569430788,81.42,0.33,buy,293589350
1750569430788,81.43,4.243,buy,293589351
1750569433691,81.42,0.098,sell,293589352
1750569434951,81.41,0.104,sell,293589353
1750569441571,81.41,32.902,buy,293589354
1750569441572,81.41,0.065,buy,293589355
1750569443149,81.41,0.105,sell,293589356
1750569446095,81.41,0.093,sell,293589357
1750569446385,81.42,0.583,buy,293589358
1750569450665,81.43,0.147,buy,293589359
1750569452194,81.43,0.084,buy,293589360
1750569453957,81.43,0.282,buy,293589361
1750569455789,81.44,7.142,buy,293589362
1750569459273,81.42,0.078,sell,293589363
1750569460364,81.43,0.195,buy,293589364
1750569460796,81.44,5.997,buy,293589365
1750569466362,81.44,29.937,buy,293589366
1750569466367,81.44,9.765,buy,293589367
1750569466367,81.44,1.978,buy,293589368
1750569468247,81.44,5.627,sell,293589369
1750569472580,81.44,0.479,sell,293589370
1750569472580,81.43,6.119,sell,293589371
1750569473135,81.42,0.253,sell,293589372
1750569473348,81.41,0.191,sell,293589373
1750569474291,81.4,0.191,sell,293589374
1750569476596,81.39,0.191,sell,293589375
1750569479876,81.39,0.358,buy,293589376
1750569481241,81.39,0.243,buy,293589377
1750569482993,81.39,0.085,buy,293589378
1750569483185,81.39,0.5,buy,293589379
1750569488158,81.39,0.135,buy,293589380
1750569488853,81.38,0.179,sell,293589381
1750569490789,81.39,4.838,buy,293589382
1750569490792,81.39,0.195,buy,293589383
1750569492194,81.39,0.072,sell,293589384
1750569492625,81.38,10.177,sell,293589385
1750569492625,81.37,42.823,sell,293589386
1750569492802,81.38,0.195,buy,293589387
1750569495816,81.39,4.395,buy,293589388
1750569497756,81.38,2.53,sell,293589389
1750569500351,81.39,0.306,buy,293589390
1750569502290,81.39,0.376,buy,293589391
1750569503528,81.39,0.325,buy,293589392
1750569506979,81.4,0.319,buy,293589393
1750569507606,81.4,0.135,buy,293589394
1750569507655,81.4,0.135,buy,293589395
1750569508638,81.4,15.404,buy,293589396
1750569511003,81.4,0.123,sell,293589397
1750569511005,81.4,0.143,sell,293589398
1750569515789,81.4,4.819,buy,293589399
1750569515812,81.39,2.037,sell,293589400
1750569516263,81.38,0.123,sell,293589401
1750569520798,81.38,6.308,buy,293589402
1750569522599,81.37,0.191,sell,293589403
1750569522965,81.37,0.436,buy,293589404
1750569527116,81.36,0.191,sell,293589405
1750569528464,81.35,0.192,sell,293589406
1750569528758,81.35,42.402,buy,293589407
1750569534819,81.34,10.413,sell,293589408
1750569535413,81.35,30.723,buy,293589409
1750569535423,81.35,0.195,buy,293589410
1750569535796,81.36,8.238,buy,293589411
1750569538491,81.36,30.308,buy,293589412
1750569538581,81.36,0.092,sell,293589413
1750569539766,81.37,6.484,buy,293589414
1750569542789,81.38,5.581,buy,293589415
1750569543194,81.38,5.996,sell,293589416
1750569543782,81.39,0.516,buy,293589417
1750569544103,81.39,0.118,sell,293589418
1750569550789,81.4,4.793,buy,293589419
1750569550789,81.41,0.466,buy,293589420
1750569550909,81.4,5.996,sell,293589421
1750569551736,81.4,0.574,buy,293589422
1750569551792,81.39,0.123,sell,293589423
1750569552626,81.39,0.063,buy,293589424
1750569554312,81.39,2.158,buy,293589425
1750569554314,81.38,0.123,sell,293589426
1750569555814,81.38,8.605,buy,293589427
1750569556988,81.38,3.759,buy,293589428
1750569556988,81.39,9.503,buy,293589429
1750569556989,81.39,7.031,buy,293589430
1750569557047,81.4,0.541,buy,293589431
1750569561951,81.41,2.151,buy,293589432
1750569568112,81.4,0.5,buy,293589433
1750569568553,81.4,21.713,buy,293589434
1750569568554,81.4,0.065,buy,293589435
1750569569411,81.4,0.5,buy,293589436
1750569571910,81.4,2.67,buy,293589437
1750569571924,81.41,1.376,buy,293589438
1750569573257,81.41,0.114,sell,293589439
1750569575789,81.42,4.968,buy,293589440
1750569576746,81.42,0.13,buy,293589441
1750569580797,81.43,8.61,buy,293589442
1750569581697,81.43,33.939,buy,293589443
1750569582352,81.43,0.528,buy,293589444
1750569584037,81.43,12.25,buy,293589445
1750569584038,81.43,21.1,buy,293589446
1750569584039,81.43,13.128,buy,293589447
1750569584039,81.43,6.466,buy,293589448
1750569584039,81.43,15.43,buy,293589449
1750569584040,81.43,11.44,buy,293589450
1750569584040,81.43,4.387,buy,293589451
1750569584041,81.43,5.996,buy,293589452
1750569592570,81.41,4.446,sell,293589453
1750569593963,81.42,1.558,buy,293589454
1750569593963,81.42,0.728,buy,293589455
1750569596042,81.43,4.825,buy,293589456
1750569596042,81.43,0.16,buy,293589457
1750569596098,81.44,0.328,buy,293589458
1750569596131,81.44,0.13,buy,293589459
1750569596131,81.45,1.691,buy,293589460
1750569596139,81.45,1.181,buy,293589461
1750569599506,81.43,0.081,sell,293589462
1750569600790,81.44,8.867,buy,293589463
1750569604358,81.44,0.12,buy,293589464
1750569604745,81.43,2.463,sell,293589465
1750569604748,81.43,4.727,sell,293589466
1750569610788,81.43,8.493,buy,293589467
1750569613034,81.43,7.994,buy,293589468
1750569614803,81.43,0.193,buy,293589469
1750569615816,81.43,7.313,buy,293589470
1750569616691,81.42,0.123,sell,293589471
1750569621248,81.42,3.07,buy,293589472
1750569622773,81.42,1.051,buy,293589473
1750569622773,81.43,0.13,buy,293589474
1750569625617,81.42,3,sell,293589475
1750569630903,81.42,0.097,sell,293589476
1750569632302,81.42,6.392,sell,293589477
1750569632378,81.41,0.736,sell,293589478
1750569633518,81.41,6.881,buy,293589479
1750569634312,81.41,1.692,buy,293589480
1750569639044,81.4,2,sell,293589481
1750569641938,81.4,0.314,buy,293589482
1750569645056,81.4,6.453,buy,293589483
1750569645056,81.41,9.536,buy,293589484
1750569645056,81.42,14.569,buy,293589485
1750569645074,81.42,0.135,buy,293589486
1750569645539,81.41,1.51,buy,293589487
1750569645790,81.41,2.197,buy,293589488
1750569645790,81.42,5.318,buy,293589489
1750569645790,81.42,8.684,buy,293589490
1750569651991,81.42,0.846,buy,293589491
1750569652221,81.42,0.454,buy,293589492
1750569654811,81.4,4,sell,293589493
1750569654815,81.4,0.062,sell,293589494
1750569656470,81.39,0.191,sell,293589495
1750569657158,81.38,0.253,sell,293589496
1750569658299,81.37,0.191,sell,293589497
1750569658452,81.36,0.068,sell,293589498
1750569658671,81.35,0.191,sell,293589499
1750569661524,81.35,0.17,buy,293589500
1750569662216,81.34,0.123,sell,293589501
1750569662585,81.35,8.215,buy,293589502
1750569662620,81.36,0.541,buy,293589503
1750569663581,81.37,0.448,buy,293589504
1750569669233,81.38,0.54,buy,293589505
1750569670789,81.39,4.796,buy,293589506
1750569672134,81.39,0.065,buy,293589507
1750569672134,81.4,0.02,buy,293589508
1750569672528,81.4,0.122,buy,293589509
1750569674781,81.39,2.93,sell,293589510
1750569674787,81.39,7.555,sell,293589511
1750569674802,81.39,1.06,sell,293589512
1750569677189,81.38,0.123,sell,293589513
1750569677588,81.38,1,buy,293589514
1750569680671,81.37,0.123,sell,293589515
1750569681797,81.37,4.593,buy,293589516
1750569683303,81.36,0.191,sell,293589517
1750569689877,81.35,0.192,sell,293589518
1750569690793,81.35,5.27,buy,293589519
1750569691514,81.35,0.536,buy,293589520
1750569695510,81.35,0.429,buy,293589521
1750569695674,81.35,2.458,buy,293589522
1750569695788,81.35,2.416,buy,293589523
1750569695788,81.36,5.62,buy,293589524
1750569700789,81.36,6.02,buy,293589525
1750569705913,81.35,0.383,buy,293589526
1750569713307,81.35,0.257,buy,293589527
1750569714312,81.35,0.212,buy,293589528
1750569716297,81.35,0.154,buy,293589529
1750569722116,81.35,3.861,buy,293589530
1750569723512,81.35,0.197,buy,293589531
1750569725854,81.35,12.934,buy,293589532
1750569725882,81.35,0.092,sell,293589533
1750569726771,81.35,0.195,buy,293589534
1750569730616,81.36,3.534,buy,293589535
1750569730796,81.36,3,buy,293589536
1750569730796,81.37,3.381,buy,293589537
1750569731566,81.37,0.279,buy,293589538
1750569735816,81.37,4.183,buy,293589539
1750569737356,81.36,0.123,sell,293589540
1750569741231,81.37,0.13,buy,293589541
1750569743209,81.38,0.516,buy,293589542
1750569746248,81.39,0.345,buy,293589543
1750569747274,81.39,3.123,buy,293589544
1750569748454,81.39,0.083,buy,293589545
1750569748577,81.39,2.113,buy,293589546
1750569748675,81.39,0.065,buy,293589547
1750569750793,81.4,8.27,buy,293589548
1750569757335,81.39,1.2,sell,293589549
1750569757472,81.4,0.184,buy,293589550
1750569757787,81.39,2.314,sell,293589551
1750569760788,81.4,8.555,buy,293589552
1750569763852,81.39,0.515,sell,293589553
1750569765037,81.38,0.123,sell,293589554
1750569765789,81.38,7.535,buy,293589555
1750569767441,81.38,7.381,sell,293589556
1750569770693,81.38,0.123,buy,293589557
1750569778379,81.38,2.971,buy,293589558
1750569784319,81.38,0.946,buy,293589559
1750569787396,81.38,0.147,buy,293589560
1750569788426,81.37,1.963,sell,293589561
1750569790788,81.38,8.49,buy,293589562
1750569792605,81.38,0.573,buy,293589563
1750569794965,81.37,3.976,sell,293589564
1750569796505,81.37,0.192,buy,293589565
1750569800797,81.37,6.909,buy,293589566
1750569805414,81.37,0.325,buy,293589567
1750569805601,81.37,0.092,sell,293589568
1750569807893,81.37,2,sell,293589569
1750569810906,81.38,8.366,buy,293589570
1750569820213,81.37,0.26,buy,293589571
1750569820789,81.38,4.894,buy,293589572
1750569820841,81.37,0.089,sell,293589573
1750569822805,81.38,0.092,buy,293589574
1750569824400,81.38,0.134,buy,293589575
1750569825400,81.38,2.527,buy,293589576
1750569835788,81.38,4.136,buy,293589577
1750569839870,81.38,0.307,buy,293589578
1750569840568,81.37,10.185,sell,293589579
1750569846699,81.37,0.122,buy,293589580
1750569847189,81.36,0.184,sell,293589581
1750569850788,81.37,6.553,buy,293589582
1750569850788,81.37,2.927,buy,293589583
1750569852115,81.36,1,sell,293589584
1750569858699,81.37,0.368,buy,293589585
1750569859380,81.37,1.425,buy,293589586
1750569860378,81.37,0.848,buy,293589587
1750569860563,81.36,7.187,sell,293589588
1750569861700,81.37,0.287,buy,293589589
1750569862664,81.37,0.065,sell,293589590
1750569867660,81.37,0.121,buy,293589591
1750569867662,81.37,0.204,buy,293589592
1750569870886,81.36,1.858,sell,293589593
1750569871397,81.37,1.228,buy,293589594
1750569873689,81.37,0.447,buy,293589595
1750569875791,81.37,5.765,buy,293589596
1750569879452,81.36,0.069,sell,293589597
1750569880792,81.36,6.923,buy,293589598
1750569882560,81.35,0.068,sell,293589599
1750569884137,81.34,0.192,sell,293589600
1750569884137,81.33,4.243,sell,293589601
1750569884137,81.32,1.714,sell,293589602
1750569884215,81.32,1.181,sell,293589603
1750569886564,81.31,0.192,sell,293589604
1750569887034,81.3,0.254,sell,293589605
1750569892041,81.29,0.192,sell,293589606
1750569893612,81.29,0.129,buy,293589607
1750569894343,81.29,3.555,buy,293589608
1750569897915,81.3,4.06,buy,293589609
1750569903228,81.3,0.573,sell,293589610
1750569910791,81.31,5.354,buy,293589611
1750569912023,81.3,6.131,sell,293589612
1750569912024,81.29,21.843,sell,293589613
1750569912024,81.28,4,sell,293589614
1750569912030,81.28,6.153,sell,293589615
1750569912117,81.28,1.181,sell,293589616
1750569913483,81.29,0.906,buy,293589617
1750569915818,81.29,6.981,buy,293589618
1750569919440,81.27,0.149,sell,293589619
1750569919728,81.27,0.188,sell,293589620
1750569922511,81.28,0.766,buy,293589621
1750569925820,81.28,0.076,buy,293589622
1750569926200,81.28,4.727,buy,293589623
1750569927090,81.27,0.068,sell,293589624
1750569927508,81.27,0.123,buy,293589625
1750569927956,81.26,0.184,sell,293589626
1750569931632,81.27,4.395,buy,293589627
1750569932133,81.27,0.092,sell,293589628
1750569932177,81.28,0.738,buy,293589629
1750569933080,81.28,1.663,buy,293589630
1750569935115,81.28,0.13,buy,293589631
1750569935791,81.29,7.108,buy,293589632
1750569937028,81.29,0.225,buy,293589633
1750569940791,81.29,7.913,buy,293589634
1750569941583,81.29,8.364,buy,293589635
1750569941583,81.29,11.42,buy,293589636
1750569944460,81.3,0.393,buy,293589637
1750569944460,81.31,4.236,buy,293589638
1750569947923,81.31,2.329,buy,293589639
1750569947927,81.32,0.517,buy,293589640
1750569948017,81.33,1.192,buy,293589641
1750569949978,81.33,0.26,buy,293589642
1750569953804,81.33,0.301,sell,293589643
1750569957323,81.34,0.393,buy,293589644
1750569957323,81.35,6.466,buy,293589645
1750569957323,81.36,3.144,buy,293589646
1750569957324,81.36,43.018,buy,293589647
1750569959134,81.37,0.325,buy,293589648
1750569961311,81.37,0.328,sell,293589649
1750569961453,81.36,42.066,sell,293589650
1750569962300,81.35,0.388,sell,293589651
1750569965254,81.34,0.124,sell,293589652
1750569970789,81.34,7.895,buy,293589653
1750569971775,81.34,0.487,buy,293589654
1750569973558,81.34,1.843,buy,293589655
1750569974154,81.34,0.383,buy,293589656
1750569980797,81.34,3.446,buy,293589657
1750569981311,81.33,0.118,sell,293589658
1750569988674,81.34,0.092,buy,293589659
1750569991855,81.34,0.088,sell,293589660
1750569991867,81.33,0.381,sell,293589661
1750569991962,81.33,0.369,sell,293589662
1750569994160,81.34,0.142,buy,293589663
1750569998733,81.35,0.124,buy,293589664
1750569998736,81.36,0.192,buy,293589665
1750569999138,81.37,0.191,buy,293589666
1750570000044,81.37,1.007,sell,293589667
1750570000789,81.38,4.057,buy,293589668
1750570004205,81.38,0.617,buy,293589669
1750570010795,81.38,8.129,buy,293589670
1750570013900,81.38,0.289,buy,293589671
1750570015508,81.38,0.423,sell,293589672
1750570015750,81.38,0.123,sell,293589673
1750570018943,81.39,0.068,buy,293589674
1750570019031,81.39,0.123,sell,293589675
1750570019137,81.39,0.123,sell,293589676
1750570019176,81.39,0.092,sell,293589677
1750570020295,81.39,0.193,sell,293589678
1750570020791,81.38,0.123,sell,293589679
1750570020791,81.37,0.369,sell,293589680
1750570020984,81.37,0.369,sell,293589681
1750570021170,81.37,0.123,sell,293589682
1750570021778,81.38,0.429,buy,293589683
1750570025041,81.39,0.485,buy,293589684
1750570025041,81.4,8.33,buy,293589685
1750570025041,81.41,17.205,buy,293589686
1750570025044,81.42,0.068,buy,293589687
1750570025117,81.42,1.181,buy,293589688
1750570025285,81.41,0.759,sell,293589689
1750570025787,81.42,5.717,buy,293589690
1750570030037,81.43,0.191,buy,293589691
1750570030787,81.44,3.82,buy,293589692
1750570031483,81.44,0.3,buy,293589693
1750570032202,81.43,10.018,sell,293589694
1750570032529,81.41,0.457,sell,293589695
1750570045196,81.42,0.16,buy,293589696
1750570046352,81.41,1.54,sell,293589697
1750570050178,81.41,0.369,sell,293589698
1750570050298,81.41,0.369,sell,293589699
1750570050793,81.42,5.96,buy,293589700
1750570050793,81.42,5.546,buy,293589701
1750570054592,81.41,3.871,sell,293589702
1750570060788,81.42,7.963,buy,293589703
1750570076609,81.41,0.294,sell,293589704
1750570084604,81.41,1.607,sell,293589705
1750570085857,81.42,9.948,buy,293589706
1750570086078,81.42,0.092,sell,293589707
1750570090788,81.43,6.547,buy,293589708
1750570093166,81.42,0.497,sell,293589709
1750570096476,81.42,0.367,sell,293589710
1750570097199,81.42,1.056,sell,293589711
1750570099283,81.43,4.123,buy,293589712
1750570099345,81.44,11.853,buy,293589713
1750570099345,81.44,3.141,buy,293589714
1750570100801,81.45,6.73,buy,293589715
1750570101559,81.45,5.056,buy,293589716
1750570102401,81.46,0.256,buy,293589717
1750570105831,81.47,0.789,buy,293589718
1750570105838,81.46,0.126,sell,293589719
1750570107134,81.47,0.281,buy,293589720
1750570107932,81.47,0.064,sell,293589721
1750570108451,81.48,1.584,buy,293589722
1750570108622,81.49,0.192,buy,293589723
1750570108997,81.49,0.249,sell,293589724
1750570109119,81.49,0.173,sell,293589725
1750570111804,81.5,0.343,buy,293589726
1750570111889,81.5,0.122,buy,293589727
1750570113134,81.49,0.131,sell,293589728
1750570113186,81.5,36.764,buy,293589729
1750570114721,81.49,0.132,sell,293589730
1750570116722,81.5,0.123,buy,293589731
1750570117608,81.49,6.368,sell,293589732
1750570118110,81.48,0.263,sell,293589733
1750570118114,81.48,0.125,sell,293589734
1750570118123,81.48,0.626,sell,293589735
1750570118135,81.48,0.187,sell,293589736
1750570118211,81.48,0.175,sell,293589737
1750570118214,81.48,0.087,sell,293589738
1750570118225,81.48,0.438,sell,293589739
1750570118854,81.49,0.079,buy,293589740
1750570119135,81.48,0.123,sell,293589741
1750570120541,81.48,1.484,buy,293589742
1750570120789,81.48,4.883,buy,293589743
1750570122700,81.47,0.493,sell,293589744
1750570125282,81.47,0.122,buy,293589745
1750570125790,81.47,7.642,buy,293589746
1750570131572,81.47,0.123,sell,293589747
1750570131587,81.47,0.246,sell,293589748
1750570131587,81.47,0.123,sell,293589749
1750570131674,81.47,0.123,sell,293589750
1750570131679,81.47,0.123,sell,293589751
1750570131681,81.47,0.123,sell,293589752
1750570131780,81.47,0.123,sell,293589753
1750570131781,81.47,0.123,sell,293589754
1750570131789,81.47,0.123,sell,293589755
1750570131909,81.47,0.123,sell,293589756
1750570131919,81.47,0.123,sell,293589757
1750570131924,81.47,0.123,sell,293589758
1750570133042,81.47,0.123,sell,293589759
1750570133050,81.47,0.123,sell,293589760
1750570133052,81.47,0.123,sell,293589761
1750570138445,81.46,2.733,sell,293589762
1750570140400,81.46,0.292,sell,293589763
1750570143248,81.45,8.853,sell,293589764
1750570145788,81.46,6.503,buy,293589765
1750570147611,81.46,38.081,buy,293589766
1750570150788,81.46,7.054,buy,293589767
1750570153765,81.45,0.123,sell,293589768
1750570153800,81.45,0.363,sell,293589769
1750570153966,81.44,0.246,sell,293589770
1750570154129,81.44,0.123,sell,293589771
1750570154237,81.44,0.123,sell,293589772
1750570154448,81.44,0.123,sell,293589773
1750570154844,81.44,0.123,sell,293589774
1750570155241,81.44,0.123,sell,293589775
1750570155339,81.44,0.123,sell,293589776
1750570156302,81.45,0.123,sell,293589777
1750570156433,81.45,0.123,sell,293589778
1750570156544,81.45,0.123,sell,293589779
1750570156626,81.45,0.123,sell,293589780
1750570156744,81.45,0.123,sell,293589781
1750570159499,81.46,1.227,buy,293589782
1750570161976,81.46,0.062,buy,293589783
1750570167308,81.45,0.122,sell,293589784
1750570178896,81.45,0.092,buy,293589785
1750570180789,81.46,6.886,buy,293589786
1750570180822,81.45,0.123,sell,293589787
1750570180957,81.45,0.123,sell,293589788
1750570181077,81.45,0.123,sell,293589789
1750570181185,81.45,0.123,sell,293589790
1750570181315,81.45,0.123,sell,293589791
1750570181527,81.45,0.123,sell,293589792
1750570181975,81.45,0.123,sell,293589793
1750570182124,81.45,0.123,sell,293589794
1750570182257,81.45,0.123,sell,293589795
1750570188794,81.47,0.191,buy,293589796
1750570189854,81.48,0.688,buy,293589797
1750570192792,81.47,0.098,sell,293589798
1750570194132,81.47,0.123,sell,293589799
1750570194136,81.47,0.492,sell,293589800
1750570195789,81.48,4.523,buy,293589801
1750570199039,81.47,0.117,sell,293589802
1750570199518,81.47,0.092,sell,293589803
1750570200549,81.47,0.272,buy,293589804
1750570203464,81.46,0.123,sell,293589805
1750570205778,81.46,0.331,buy,293589806
1750570210800,81.46,7.544,buy,293589807
1750570212602,81.45,0.123,sell,293589808
1750570214023,81.44,9.253,sell,293589809
1750570217572,81.43,1.182,sell,293589810
1750570220798,81.44,8.009,buy,293589811
1750570224868,81.44,0.069,buy,293589812
1750570232255,81.44,0.147,buy,293589813
1750570234446,81.44,0.213,buy,293589814
1750570237068,81.44,9.582,buy,293589815
1750570237643,81.43,0.146,sell,293589816
1750570238117,81.42,3.143,sell,293589817
1750570239262,81.42,0.191,sell,293589818
1750570240128,81.42,0.169,buy,293589819
1750570240791,81.42,5.172,buy,293589820
1750570241047,81.42,0.077,buy,293589821
1750570242254,81.42,0.5,buy,293589822
1750570242731,81.42,0.075,buy,293589823
1750570255790,81.42,3.632,buy,293589824
1750570256597,81.42,20.402,buy,293589825
1750570256850,81.43,0.123,buy,293589826
1750570260219,81.44,0.417,buy,293589827
1750570266317,81.45,0.098,buy,293589828
1750570267001,81.44,0.191,sell,293589829
1750570270792,81.44,3.36,buy,293589830
1750570271185,81.43,0.5,sell,293589831
1750570273436,81.42,0.087,sell,293589832
1750570274619,81.42,2.338,sell,293589833
1750570275817,81.43,5.637,buy,293589834
1750570278765,81.43,0.5,buy,293589835
1750570284157,81.43,1.214,buy,293589836
1750570285789,81.43,7.701,buy,293589837
1750570288293,81.43,0.181,buy,293589838
1750570291046,81.42,6.124,sell,293589839
1750570292271,81.43,1.032,buy,293589840
1750570300749,81.42,0.132,buy,293589841
1750570300791,81.43,0.123,buy,293589842
1750570300791,81.44,3.085,buy,293589843
1750570301773,81.44,4.706,buy,293589844
1750570302779,81.45,0.27,buy,293589845
1750570304316,81.45,0.221,buy,293589846
1750570310340,81.44,0.123,sell,293589847
1750570310340,81.44,0.123,sell,293589848
1750570310343,81.44,0.089,sell,293589849
1750570312706,81.44,0.383,buy,293589850
1750570317006,81.43,0.199,sell,293589851
1750570317006,81.42,1.644,sell,293589852
1750570317400,81.42,0.275,sell,293589853
1750570317748,81.42,0.09,buy,293589854
1750570317762,81.42,0.092,buy,293589855
1750570319865,81.41,1.531,sell,293589856
1750570319889,81.4,2.028,sell,293589857
1750570320511,81.4,0.168,buy,293589858
1750570320566,81.4,6.447,buy,293589859
1750570320787,81.4,5.183,buy,293589860
1750570324550,81.4,1.219,buy,293589861
1750570324696,81.4,0.254,buy,293589862
1750570325203,81.4,0.114,buy,293589863
1750570327712,81.4,0.107,buy,293589864
1750570330788,81.4,4.297,buy,293589865
1750570335817,81.39,13.229,sell,293589866
1750570335817,81.38,7.556,sell,293589867
1750570339836,81.4,12.694,buy,293589868
1750570343318,81.4,0.077,buy,293589869
1750570344063,81.39,0.7,sell,293589870
1750570345788,81.4,6.38,buy,293589871
1750570347548,81.39,0.123,sell,293589872
1750570348354,81.39,0.092,buy,293589873
1750570349678,81.39,0.232,buy,293589874
1750570351200,81.38,0.191,sell,293589875
1750570354999,81.38,1.913,buy,293589876
1750570355787,81.39,2.788,buy,293589877
1750570356839,81.39,0.07,buy,293589878
1750570359168,81.39,1.229,sell,293589879
1750570360787,81.4,7.126,buy,293589880
1750570360791,81.39,11.316,sell,293589881
1750570362012,81.39,20.759,sell,293589882
1750570362012,81.38,74.532,sell,293589883
1750570362012,81.37,236.124,sell,293589884
1750570362015,81.37,3.359,buy,293589885
1750570365222,81.37,35.746,buy,293589886
1750570365223,81.37,12.22,buy,293589887
1750570365223,81.37,52.677,buy,293589888
1750570365224,81.37,5.869,buy,293589889
1750570365225,81.37,6.371,buy,293589890
1750570365225,81.37,4.028,buy,293589891
1750570365225,81.37,16.875,buy,293589892
1750570365226,81.37,16.875,buy,293589893
1750570365226,81.37,45,buy,293589894
1750570365226,81.37,52.597,buy,293589895
1750570365226,81.37,8.292,buy,293589896
1750570365228,81.37,12.3,buy,293589897
1750570365230,81.37,11.25,buy,293589898
1750570365238,81.37,1.181,buy,293589899
1750570365302,81.37,28.499,buy,293589900
1750570365335,81.37,37.752,buy,293589901
1750570365336,81.37,5.996,buy,293589902
1750570365336,81.37,27.277,buy,293589903
1750570365400,81.38,0.383,buy,293589904
1750570365414,81.39,1.181,buy,293589905
1750570365477,81.39,0.195,buy,293589906
1750570366401,81.4,0.448,buy,293589907
1750570370900,81.41,0.448,buy,293589908
1750570374269,81.41,1.325,sell,293589909
1750570375788,81.41,4.671,sell,293589910
1750570375788,81.4,7.673,sell,293589911
1750570376212,81.41,2.702,buy,293589912
1750570379946,81.41,1.399,buy,293589913
1750570387431,81.41,6.2,buy,293589914
1750570390500,81.41,0.325,buy,293589915
1750570390788,81.42,4.243,buy,293589916
1750570390788,81.41,20.301,sell,293589917
1750570391411,81.42,0.235,buy,293589918
1750570400798,81.42,5.358,buy,293589919
1750570401556,81.42,0.195,buy,293589920
1750570405880,81.42,14.312,sell,293589921
1750570406326,81.41,1.228,sell,293589922
1750570410794,81.42,4.056,buy,293589923
1750570412046,81.41,0.936,sell,293589924
1750570412161,81.4,0.163,sell,293589925
1750570420790,81.4,8.12,buy,293589926
1750570420790,81.39,9.383,sell,293589927
1750570421278,81.39,0.589,sell,293589928
1750570421500,81.4,0.294,buy,293589929
1750570430798,81.4,11.224,sell,293589930
1750570438857,81.4,1.934,buy,293589931
1750570440350,81.39,0.075,sell,293589932
1750570441597,81.4,0.195,buy,293589933
1750570443600,81.4,1.888,sell,293589934
1750570445561,81.39,0.32,sell,293589935
1750570445567,81.38,0.191,sell,293589936
1750570445788,81.37,6.187,sell,293589937
1750570445788,81.36,13.257,sell,293589938
1750570446188,81.36,0.068,sell,293589939
1750570450789,81.36,7.858,buy,293589940
1750570450865,81.35,0.068,sell,293589941
1750570459092,81.34,0.676,sell,293589942
1750570459134,81.34,0.793,buy,293589943
1750570459181,81.33,0.186,sell,293589944
1750570460077,81.32,0.125,sell,293589945
1750570460362,81.32,0.187,sell,293589946
1750570460797,81.33,5.681,buy,293589947
1750570467855,81.32,0.078,buy,293589948
1750570468343,81.32,1.669,buy,293589949
1750570469449,81.31,0.192,sell,293589950
1750570470742,81.3,3.748,sell,293589951
1750570470795,81.3,17.538,sell,293589952
1750570470795,81.29,0.068,sell,293589953
1750570471813,81.3,0.195,buy,293589954
1750570471828,81.31,11.079,buy,293589955
1750570471837,81.31,2.005,buy,293589956
1750570471940,81.32,0.449,buy,293589957
1750570471940,81.33,0.758,buy,293589958
1750570479255,81.31,0.103,buy,293589959
1750570480407,81.31,0.147,buy,293589960
1750570480788,81.31,5.685,buy,293589961
1750570480788,81.31,9.979,buy,293589962
1750570481800,81.31,0.13,buy,293589963
1750570483889,81.32,1.366,buy,293589964
1750570487015,81.32,0.195,buy,293589965
1750570489528,81.32,0.31,sell,293589966
1750570494023,81.31,0.124,sell,293589967
1750570495788,81.3,18.686,sell,293589968
1750570504401,81.3,0.325,buy,293589969
1750570504918,81.3,16.453,sell,293589970
1750570504918,81.29,8.41,sell,293589971
1750570506882,81.3,0.092,sell,293589972
1750570509411,81.3,0.498,buy,293589973
1750570510785,81.3,6.256,buy,293589974
1750570510785,81.31,1.199,buy,293589975
1750570515693,81.31,0.213,buy,293589976
1750570516669,81.3,1.847,buy,293589977
1750570518349,81.3,0.139,buy,293589978
1750570519589,81.3,0.383,buy,293589979
1750570520795,81.29,15.462,sell,293589980
1750570521029,81.3,0.145,buy,293589981
1750570526078,81.29,0.124,sell,293589982
1750570530794,81.29,10.464,buy,293589983
1750570533699,81.28,0.578,sell,293589984
1750570533799,81.27,0.192,sell,293589985
1750570533901,81.26,0.13,sell,293589986
1750570534001,81.25,0.131,sell,293589987
1750570535243,81.25,0.195,buy,293589988
1750570538321,81.25,0.151,buy,293589989
1750570540789,81.25,8.459,buy,293589990
1750570540789,81.24,0.473,sell,293589991
1750570540789,81.23,16.728,sell,293589992
1750570545035,81.23,0.297,sell,293589993
1750570545041,81.22,0.192,sell,293589994
1750570545962,81.21,0.192,sell,293589995
1750570550796,81.21,5.464,buy,293589996
1750570552985,81.2,0.084,sell,293589997
1750570556370,81.21,1.041,buy,293589998
1750570557089,81.21,0.934,buy,293589999
1750570557586,81.2,0.187,sell,293590000
1750570557828,81.19,1.158,sell,293590001
1750570557830,81.18,0.192,sell,293590002
1750570560789,81.17,10.402,sell,293590003
1750570560789,81.16,6.879,sell,293590004
1750570561611,81.17,5.273,buy,293590005
1750570562511,81.17,0.26,buy,293590006
1750570567010,81.16,0.068,sell,293590007
1750570570789,81.16,6.191,buy,293590008
1750570570789,81.17,3.243,buy,293590009
1750570575640,81.15,0.124,sell,293590010
1750570576912,81.15,0.128,buy,293590011
1750570576913,81.15,0.148,buy,293590012
1750570579540,81.15,0.82,sell,293590013
1750570581962,81.16,1.151,buy,293590014
1750570584819,81.16,0.847,buy,293590015
1750570585401,81.16,7.514,buy,293590016
1750570585790,81.17,0.449,buy,293590017
1750570585790,81.18,6.513,buy,293590018
1750570585790,81.19,0.495,buy,293590019
1750570585791,81.18,19.97,sell,293590020
1750570588154,81.19,0.118,buy,293590021
1750570588204,81.19,5.829,buy,293590022
1750570588218,81.19,0.13,buy,293590023
1750570591385,81.2,0.4,buy,293590024
1750570592153,81.2,0.154,buy,293590025
1750570596284,81.2,0.065,buy,293590026
1750570597000,81.2,0.26,buy,293590027
1750570600745,81.2,12.28,sell,293590028
1750570600798,81.21,4.062,buy,293590029
1750570604092,81.2,0.956,sell,293590030
1750570604103,81.19,0.546,sell,293590031
1750570607583,81.18,0.558,sell,293590032
1750570607805,81.18,1.502,buy,293590033
1750570609355,81.17,0.393,sell,293590034
1750570610799,81.16,15.688,sell,293590035
1750570612821,81.16,3.191,sell,293590036
1750570613733,81.17,4.889,buy,293590037
1750570617100,81.17,1.688,buy,293590038
1750570619100,81.16,0.287,sell,293590039
1750570619643,81.15,1.201,sell,293590040
1750570620790,81.16,4.849,buy,293590041
1750570620791,81.16,8.942,buy,293590042
1750570623011,81.16,0.288,buy,293590043
1750570627823,81.16,0.798,buy,293590044
1750570629502,81.15,0.68,sell,293590045
1750570630788,81.14,0.582,sell,293590046
1750570630788,81.13,19.066,sell,293590047
1750570630790,81.14,6.816,buy,293590048
1750570630842,81.13,0.268,sell,293590049
1750570631314,81.13,0.065,sell,293590050
1750570632054,81.13,0.195,buy,293590051
1750570632080,81.13,0.831,sell,293590052
1750570633926,81.13,0.245,sell,293590053
1750570634983,81.13,23.139,sell,293590054
1750570636655,81.13,0.065,sell,293590055
1750570639162,81.13,0.26,buy,293590056
1750570641952,81.14,2.743,buy,293590057
1750570643428,81.13,26.446,sell,293590058
1750570643428,81.12,41.75,sell,293590059
1750570643892,81.13,0.195,buy,293590060
1750570645319,81.14,0.716,buy,293590061
1750570645601,81.14,0.195,buy,293590062
1750570646203,81.15,0.449,buy,293590063
1750570648636,81.15,0.123,sell,293590064
1750570652410,81.15,1.703,sell,293590065
1750570652642,81.15,0.26,sell,293590066
1750570657081,81.14,1.427,sell,293590067
1750570660787,81.14,1.885,buy,293590068
1750570660788,81.13,1.169,sell,293590069
1750570660788,81.12,17.555,sell,293590070
1750570662069,81.13,0.773,buy,293590071
1750570664230,81.13,0.614,buy,293590072
1750570672713,81.13,0.078,buy,293590073
1750570674489,81.13,0.768,buy,293590074
1750570680789,81.13,6.345,buy,293590075
1750570685799,81.12,2.236,sell,293590076
1750570685799,81.11,10.665,sell,293590077
1750570687610,81.11,2.485,sell,293590078
1750570687610,81.1,20.41,sell,293590079
1750570689816,81.1,0.325,sell,293590080
1750570690788,81.1,6.545,buy,293590081
1750570694426,81.1,0.246,buy,293590082
1750570694451,81.09,0.517,sell,293590083
1750570695090,81.09,0.849,buy,293590084
1750570695482,81.09,0.392,buy,293590085
1750570696100,81.09,1.063,buy,293590086
1750570696139,81.09,0.072,buy,293590087
1750570696287,81.09,3.458,buy,293590088
1750570696290,81.09,0.195,buy,293590089
1750570698293,81.09,0.245,sell,293590090
1750570700798,81.08,15.985,sell,293590091
1750570702256,81.09,0.074,buy,293590092
1750570703985,81.09,1.885,buy,293590093
1750570706718,81.09,1.237,buy,293590094
1750570708151,81.09,2.014,buy,293590095
1750570720788,81.08,14.504,sell,293590096
1750570721948,81.09,0.246,buy,293590097
1750570727489,81.08,2.384,sell,293590098
1750570730796,81.09,4.513,buy,293590099
1750570733902,81.08,0.106,sell,293590100
1750570734505,81.08,0.392,buy,293590101
1750570735659,81.07,11.073,sell,293590102
1750570740755,81.07,2.467,buy,293590103
1750570740789,81.06,8.395,sell,293590104
1750570744163,81.06,0.204,sell,293590105
1750570749063,81.06,0.541,sell,293590106
1750570750788,81.07,4.221,buy,293590107
1750570750788,81.06,15.998,sell,293590108
1750570752155,81.07,2.176,buy,293590109
1750570756248,81.06,0.144,sell,293590110
1750570756501,81.06,0.103,sell,293590111
1750570757041,81.06,1.475,sell,293590112
1750570757641,81.06,0.08,sell,293590113
1750570764966,81.06,0.123,sell,293590114
1750570767450,81.07,1.114,buy,293590115
1750570769343,81.06,0.482,sell,293590116
1750570770794,81.06,10.905,sell,293590117
1750570770794,81.05,0.691,sell,293590118
1750570771531,81.06,0.77,buy,293590119
1750570772634,81.06,0.48,buy,293590120
1750570775800,81.06,1.718,buy,293590121
1750570777849,81.06,0.288,buy,293590122
1750570788308,81.07,0.093,buy,293590123
1750570790796,81.06,7.149,sell,293590124
1750570792648,81.07,0.065,buy,293590125
1750570795789,81.06,11.052,sell,293590126
1750570800151,81.07,0.297,buy,293590127
1750570802479,81.08,6.51,buy,293590128
1750570802479,81.09,0.891,buy,293590129
1750570804122,81.08,1.971,sell,293590130
1750570804600,81.09,0.582,buy,293590131
1750570805580,81.09,6.486,sell,293590132
1750570805582,81.09,0.065,sell,293590133
1750570807732,81.08,2.949,sell,293590134
1750570810788,81.08,0.814,sell,293590135
1750570811700,81.08,29.528,sell,293590136
1750570811707,81.08,4.547,buy,293590137
1750570811754,81.08,0.093,buy,293590138
1750570820751,81.07,0.188,sell,293590139
1750570825387,81.07,27.555,sell,293590140
1750570829873,81.07,0.845,buy,293590141
1750570831698,81.06,6.444,sell,293590142
1750570831700,81.06,0.176,sell,293590143
1750570833255,81.06,0.127,buy,293590144
1750570836103,81.06,0.421,buy,293590145
1750570837874,81.06,0.195,buy,293590146
1750570839100,81.07,0.449,buy,293590147
1750570839601,81.08,0.514,buy,293590148
1750570839900,81.09,0.514,buy,293590149
1750570840079,81.1,0.308,buy,293590150
1750570841964,81.1,0.274,buy,293590151
1750570842600,81.11,0.582,buy,293590152
1750570843100,81.12,0.458,buy,293590153
1750570843159,81.13,0.582,buy,293590154
1750570843215,81.14,0.864,buy,293590155
1750570844800,81.14,0.195,buy,293590156
1750570846445,81.15,3.311,buy,293590157
1750570851548,81.14,8.304,buy,293590158
1750570852000,81.13,0.305,sell,293590159
1750570854234,81.12,0.124,sell,293590160
1750570854548,81.12,1.127,buy,293590161
1750570859520,81.12,0.153,buy,293590162
1750570859741,81.12,1,buy,293590163
1750570864706,81.12,0.178,buy,293590164
1750570869920,81.11,0.454,sell,293590165
1750570871196,81.12,0.308,buy,293590166
1750570873454,81.11,20.252,sell,293590167
1750570873547,81.1,2.278,sell,293590168
1750570873649,81.1,2.438,buy,293590169
1750570874912,81.09,0.192,sell,293590170
1750570878601,81.08,0.189,sell,293590171
1750570881264,81.08,0.416,buy,293590172
1750570884900,81.08,0.575,buy,293590173
1750570889639,81.09,0.08,buy,293590174
1750570891794,81.08,3.604,sell,293590175
1750570895037,81.08,1.011,buy,293590176
1750570896081,81.07,0.971,sell,293590177
1750570896240,81.07,0.124,sell,293590178
1750570896392,81.07,0.284,buy,293590179
1750570901900,81.07,0.26,buy,293590180
1750570903344,81.07,0.074,sell,293590181
1750570904378,81.08,0.224,buy,293590182
1750570905362,81.07,0.311,sell,293590183
1750570912171,81.08,0.089,buy,293590184
1750570912433,81.07,1.234,sell,293590185
1750570917106,81.08,0.123,buy,293590186
1750570917535,81.07,0.185,sell,293590187
1750570924794,81.08,0.252,buy,293590188
1750570927700,81.08,1.32,buy,293590189
1750570928100,81.09,0.567,buy,293590190
1750570928478,81.1,0.3,buy,293590191
1750570928496,81.1,0.282,buy,293590192
1750570930001,81.11,0.582,buy,293590193
1750570936760,81.12,0.184,buy,293590194
1750570940793,81.12,0.333,buy,293590195
1750570940794,81.12,0.065,buy,293590196
1750570940806,81.13,0.883,buy,293590197
1750570941364,81.13,6.578,buy,293590198
1750570941364,81.14,15,buy,293590199
1750570941364,81.15,5.339,buy,293590200
1750570946190,81.14,0.399,sell,293590201
1750570946235,81.14,0.625,sell,293590202
1750570948910,81.14,1.375,sell,293590203
1750570948941,81.15,6.161,buy,293590204
1750570950075,81.15,3.01,buy,293590205
1750570955751,81.14,0.085,sell,293590206
1750570957391,81.14,0.281,buy,293590207
1750570958858,81.15,3.125,buy,293590208
1750570958872,81.15,0.44,buy,293590209
1750570958879,81.15,1.181,buy,293590210
1750570958883,81.15,0.136,buy,293590211
1750570958896,81.15,0.167,buy,293590212
1750570958914,81.15,1.181,buy,293590213
1750570958964,81.15,1.181,buy,293590214
1750570958985,81.15,8.668,buy,293590215
1750570959009,81.15,0.195,buy,293590216
1750570959018,81.16,1.181,buy,293590217
1750570960863,81.16,0.204,buy,293590218
1750570960864,81.16,0.132,buy,293590219
1750570965634,81.17,2.302,buy,293590220
1750570967198,81.16,0.501,sell,293590221
1750570971354,81.16,0.087,sell,293590222
1750570972088,81.16,2.191,sell,293590223
1750570972090,81.17,0.195,buy,293590224
1750570979431,81.18,0.623,buy,293590225
1750570985952,81.18,0.069,buy,293590226
1750570986027,81.18,0.183,buy,293590227
1750570987224,81.18,0.26,buy,293590228
1750570997544,81.18,1.347,sell,293590229
1750570999658,81.17,0.741,sell,293590230
1750571001255,81.16,0.195,sell,293590231
1750571001604,81.15,4,sell,293590232
1750571001605,81.15,9.765,sell,293590233
1750571001605,81.14,6.275,sell,293590234
1750571001621,81.14,0.195,buy,293590235
1750571002704,81.15,0.325,buy,293590236
1750571010619,81.15,0.165,sell,293590237
1750571012448,81.15,0.132,buy,293590238
1750571013222,81.14,1.14,sell,293590239
1750571014753,81.14,0.511,sell,293590240
1750571017686,81.14,0.768,buy,293590241
1750571025519,81.14,0.085,buy,293590242
1750571026158,81.13,0.078,sell,293590243
1750571027012,81.14,0.26,buy,293590244
1750571034639,81.15,4,buy,293590245
1750571035800,81.15,0.195,buy,293590246
1750571036600,81.16,0.582,buy,293590247
1750571038607,81.17,0.359,buy,293590248
1750571038609,81.17,0.158,buy,293590249
1750571038911,81.17,0.146,sell,293590250
1750571040579,81.17,0.194,sell,293590251
1750571043809,81.17,0.195,buy,293590252
1750571045497,81.18,0.331,buy,293590253
1750571046474,81.17,0.092,sell,293590254
1750571049290,81.17,0.146,buy,293590255
1750571053864,81.17,2.155,buy,293590256
1750571053868,81.17,0.13,buy,293590257
1750571055275,81.17,0.139,sell,293590258
1750571056961,81.16,0.296,sell,293590259
1750571060109,81.15,0.124,sell,293590260
1750571062500,81.14,0.189,sell,293590261
1750571067000,81.14,0.39,buy,293590262
1750571070437,81.15,1.075,buy,293590263
1750571074682,81.15,0.492,buy,293590264
1750571074684,81.15,0.022,buy,293590265
1750571075320,81.16,0.616,buy,293590266
1750571096758,81.15,0.26,buy,293590267
1750571102376,81.16,0.852,buy,293590268
1750571104609,81.15,0.384,sell,293590269
1750571113264,81.15,1.612,buy,293590270
1750571116122,81.15,37.803,buy,293590271
1750571118945,81.14,0.281,sell,293590272
1750571120623,81.13,0.124,sell,293590273
1750571125042,81.13,6.321,buy,293590274
1750571125042,81.14,15.977,buy,293590275
1750571129297,81.14,0.226,buy,293590276
1750571130309,81.13,4.343,sell,293590277
1750571134381,81.12,1.217,sell,293590278
1750571135100,81.12,0.623,sell,293590279
1750571135789,81.13,2.3,buy,293590280
1750571135800,81.12,20.017,sell,293590281
1750571135801,81.12,5.983,sell,293590282
1750571138907,81.13,0.195,buy,293590283
1750571143263,81.14,1.084,buy,293590284
1750571144067,81.14,0.746,buy,293590285
1750571144083,81.14,0.195,buy,293590286
1750571144083,81.15,0.986,buy,293590287
1750571150778,81.15,11.641,buy,293590288
1750571150781,81.15,78.573,buy,293590289
1750571150783,81.15,0.065,buy,293590290
1750571150788,81.16,0.582,buy,293590291
1750571150788,81.17,5.579,buy,293590292
1750571151174,81.17,0.516,buy,293590293
1750571153126,81.17,0.517,buy,293590294
1750571153127,81.17,0.065,buy,293590295
1750571153816,81.18,0.393,buy,293590296
1750571153818,81.18,0.065,buy,293590297
1750571153829,81.19,0.675,buy,293590298
1750571157229,81.2,0.458,buy,293590299
1750571157243,81.21,0.582,buy,293590300
1750571157346,81.22,1.105,buy,293590301
1750571158794,81.22,0.705,buy,293590302
1750571160973,81.21,0.318,sell,293590303
1750571161078,81.2,0.124,sell,293590304
1750571163059,81.2,0.35,buy,293590305
1750571169502,81.19,0.266,sell,293590306
1750571169504,81.18,0.124,sell,293590307
1750571169907,81.18,1.181,buy,293590308
1750571170079,81.18,0.927,buy,293590309
1750571178100,81.18,0.195,buy,293590310
1750571183294,81.18,0.066,sell,293590311
1750571188055,81.18,0.137,buy,293590312
1750571195577,81.17,0.365,sell,293590313
1750571195684,81.16,0.186,sell,293590314
1750571196152,81.16,1.004,buy,293590315
1750571201948,81.16,0.325,buy,293590316
1750571201948,81.17,0.446,buy,293590317
1750571204403,81.17,0.123,buy,293590318
1750571204840,81.16,0.184,sell,293590319
1750571208017,81.15,0.196,sell,293590320
1750571208600,81.15,0.257,sell,293590321
1750571210795,81.14,0.192,sell,293590322
1750571211736,81.13,1.234,sell,293590323
1750571212564,81.13,7.927,buy,293590324
1750571213310,81.13,1.492,buy,293590325
1750571213460,81.13,3.425,buy,293590326
1750571216961,81.12,16.886,sell,293590327
1750571218396,81.13,0.195,buy,293590328
1750571219203,81.13,0.092,sell,293590329
1750571220581,81.14,0.449,buy,293590330
1750571220600,81.14,0.195,buy,293590331
1750571224100,81.15,0.514,buy,293590332
1750571226537,81.15,6.881,sell,293590333
1750571228321,81.16,0.382,buy,293590334
1750571229801,81.16,1.181,buy,293590335
1750571230948,81.16,0.685,buy,293590336
1750571233038,81.16,0.13,buy,293590337
1750571233799,81.17,0.246,buy,293590338
1750571234205,81.17,0.336,buy,293590339
1750571234215,81.17,0.195,buy,293590340
1750571239785,81.18,5.534,buy,293590341
1750571239842,81.18,0.13,buy,293590342
1750571242502,81.19,0.517,buy,293590343
1750571242600,81.19,0.195,buy,293590344
1750571247198,81.2,0.741,buy,293590345
1750571248148,81.2,0.5,buy,293590346
1750571251906,81.2,2.565,buy,293590347
1750571253808,81.19,0.335,sell,293590348
1750571253808,81.18,0.416,sell,293590349
1750571253813,81.19,0.271,buy,293590350
1750571257173,81.18,0.2,sell,293590351
1750571259621,81.18,0.26,buy,293590352
1750571260696,81.19,3.427,buy,293590353
1750571260696,81.2,0.983,buy,293590354
1750571260696,81.2,24.88,buy,293590355
1750571260714,81.21,5.888,buy,293590356
1750571260714,81.22,4.595,buy,293590357
1750571260721,81.22,9.208,buy,293590358
1750571260722,81.22,6.438,buy,293590359
1750571260727,81.22,3.208,buy,293590360
1750571260771,81.22,0.247,sell,293590361
1750571260871,81.23,0.068,buy,293590362
1750571261026,81.23,0.449,buy,293590363
1750571261082,81.24,2.578,buy,293590364
1750571261321,81.24,0.13,buy,293590365
1750571261886,81.25,1.086,buy,293590366
1750571261933,81.26,0.517,buy,293590367
1750571261933,81.27,1.94,buy,293590368
1750571262921,81.27,1.181,buy,293590369
1750571265603,81.26,0.123,sell,293590370
1750571269463,81.27,1.181,buy,293590371
1750571269470,81.27,0.383,buy,293590372
1750571269789,81.28,0.582,buy,293590373
1750571269878,81.29,0.675,buy,293590374
1750571269940,81.3,1.105,buy,293590375
1750571274220,81.3,0.458,buy,293590376
1750571274787,81.31,3.209,buy,293590377
1750571278726,81.31,0.38,buy,293590378
1750571280228,81.3,4.92,sell,293590379
1750571281903,81.3,23.633,sell,293590380
1750571282415,81.29,0.124,sell,293590381
1750571283033,81.29,0.252,buy,293590382
1750571290504,81.28,0.122,sell,293590383
1750571290724,81.29,1,buy,293590384
1750571295388,81.28,0.259,sell,293590385
1750571295400,81.29,0.287,buy,293590386
1750571296995,81.29,0.208,sell,293590387
1750571299410,81.3,0.514,buy,293590388
1750571299410,81.31,3.699,buy,293590389
1750571299786,81.31,3.213,buy,293590390
1750571302300,81.31,0.25,buy,293590391
1750571302594,81.31,0.613,sell,293590392
1750571305822,81.31,1.439,buy,293590393
1750571306017,81.3,0.204,sell,293590394
1750571306165,81.3,0.123,buy,293590395
1750571308748,81.3,0.08,buy,293590396
1750571309621,81.3,3.409,buy,293590397
1750571316066,81.3,1.356,buy,293590398
1750571316434,81.29,0.101,sell,293590399
1750571318067,81.29,0.19,sell,293590400
1750571318675,81.29,0.26,buy,293590401
1750571321122,81.29,0.75,sell,293590402
1750571321572,81.3,0.123,buy,293590403
1750571323921,81.29,0.445,sell,293590404
1750571332002,81.3,0.16,buy,293590405
1750571333208,81.3,0.354,buy,293590406
1750571335549,81.3,0.074,sell,293590407
1750571343232,81.31,0.541,buy,293590408
1750571343232,81.32,0.64,buy,293590409
1750571343642,81.32,0.273,buy,293590410
1750571344457,81.31,0.085,sell,293590411
1750571349177,81.32,0.449,buy,293590412
1750571349177,81.33,0.61,buy,293590413
1750571349293,81.34,1.08,buy,293590414
1750571349519,81.34,0.123,buy,293590415
1750571349966,81.33,0.184,sell,293590416
1750571359668,81.33,0.084,sell,293590417
1750571367562,81.34,0.314,buy,293590418
1750571369439,81.33,0.072,sell,293590419
1750571370632,81.33,0.265,buy,293590420
1750571371569,81.34,0.452,buy,293590421
1750571371779,81.34,0.13,buy,293590422
1750571371779,81.35,1.173,buy,293590423
1750571372532,81.35,0.328,buy,293590424
1750571372534,81.35,0.065,buy,293590425
1750571373002,81.35,0.085,sell,293590426
1750571376040,81.36,0.452,buy,293590427
1750571376100,81.36,0.13,buy,293590428
1750571376100,81.37,1.051,buy,293590429
1750571381428,81.37,0.42,buy,293590430
1750571381430,81.37,0.065,buy,293590431
1750571381625,81.38,0.451,buy,293590432
1750571381775,81.38,0.13,buy,293590433
1750571381775,81.39,0.603,buy,293590434
1750571381775,81.4,0.448,buy,293590435
1750571394235,81.39,0.839,sell,293590436
1750571394359,81.38,1.207,sell,293590437
1750571395494,81.37,0.459,sell,293590438
1750571395532,81.36,0.123,sell,293590439
1750571395627,81.35,19.739,sell,293590440
1750571395743,81.34,0.192,sell,293590441
1750571399874,81.33,0.124,sell,293590442
1750571399913,81.32,2.238,sell,293590443
1750571400977,81.32,0.192,sell,293590444
1750571401027,81.31,2.17,sell,293590445
1750571406252,81.3,0.192,sell,293590446
1750571406252,81.29,0.989,sell,293590447
1750571406257,81.28,0.068,sell,293590448
1750571407796,81.29,0.309,buy,293590449
1750571408543,81.29,0.501,buy,293590450
1750571416311,81.28,0.192,sell,293590451
1750571417216,81.28,0.195,buy,293590452
1750571423498,81.28,3.793,sell,293590453
1750571424321,81.29,0.095,buy,293590454
1750571428288,81.28,2.46,sell,293590455
1750571428357,81.27,0.068,sell,293590456
1750571432855,81.27,0.218,buy,293590457
1750571436044,81.26,0.068,sell,293590458
1750571437605,81.25,0.192,sell,293590459
1750571439785,81.24,1.1,sell,293590460
1750571440147,81.25,0.352,buy,293590461
1750571442208,81.26,0.384,buy,293590462
1750571442208,81.27,0.082,buy,293590463
1750571443696,81.27,0.379,buy,293590464
1750571443964,81.27,0.13,buy,293590465
1750571444354,81.28,0.195,buy,293590466
1750571445500,81.28,0.319,buy,293590467
1750571448023,81.28,0.1,sell,293590468
1750571454184,81.29,0.154,buy,293590469
1750571459104,81.29,0.603,buy,293590470
1750571459168,81.3,0.517,buy,293590471
1750571464368,81.31,0.384,buy,293590472
1750571467279,81.31,0.263,buy,293590473
1750571474597,81.32,0.547,buy,293590474
1750571474604,81.31,6.536,sell,293590475
1750571474606,81.32,0.169,buy,293590476
1750571475726,81.32,1.347,sell,293590477
1750571476608,81.31,0.2,sell,293590478
1750571477257,81.31,0.26,buy,293590479
1750571481946,81.3,0.124,sell,293590480
1750571485345,81.3,1,buy,293590481
1750571487821,81.29,0.124,sell,293590482
1750571488308,81.28,6.12,sell,293590483
1750571494565,81.26,0.124,sell,293590484
1750571495599,81.26,0.766,buy,293590485
1750571499011,81.26,0.424,buy,293590486
1750571505577,81.25,5.376,sell,293590487
1750571505797,81.26,0.192,buy,293590488
1750571506614,81.25,0.062,sell,293590489
1750571506616,81.24,0.124,sell,293590490
1750571507476,81.23,0.124,sell,293590491
1750571516200,81.23,0.077,buy,293590492
1750571520913,81.23,4.921,buy,293590493
1750571522396,81.23,0.417,buy,293590494
1750571523093,81.24,0.325,buy,293590495
1750571523093,81.25,0.111,buy,293590496
1750571523206,81.25,0.406,buy,293590497
1750571525092,81.26,1.134,buy,293590498
1750571525092,81.27,0.449,buy,293590499
1750571525092,81.28,0.232,buy,293590500
1750571539313,81.28,0.517,buy,293590501
1750571539328,81.29,0.517,buy,293590502
1750571539328,81.3,0.647,buy,293590503
1750571539331,81.31,0.068,buy,293590504
1750571545641,81.3,0.199,sell,293590505
1750571547155,81.31,0.13,buy,293590506
1750571558854,81.3,0.075,sell,293590507
1750571558900,81.31,0.387,buy,293590508
1750571558933,81.31,0.148,sell,293590509
1750571560076,81.31,0.236,sell,293590510
1750571561793,81.31,0.195,buy,293590511
1750571564048,81.32,6.377,buy,293590512
1750571568833,81.31,10.53,buy,293590513
1750571571942,81.3,0.124,sell,293590514
1750571579631,81.29,0.583,sell,293590515
1750571579745,81.28,0.192,sell,293590516
1750571580540,81.27,0.192,sell,293590517
1750571583029,81.28,0.124,buy,293590518
1750571592204,81.28,0.846,sell,293590519
1750571592610,81.29,17.37,buy,293590520
1750571592671,81.29,0.092,sell,293590521
1750571595100,81.3,1.418,buy,293590522
1750571595956,81.29,4.463,sell,293590523
1750571598277,81.3,0.948,buy,293590524
1750571598575,81.3,0.472,buy,293590525
1750571602838,81.3,0.744,buy,293590526
1750571603911,81.3,32.331,buy,293590527
1750571605643,81.3,0.985,sell,293590528
1750571608601,81.3,60.539,sell,293590529
1750571608603,81.29,12.08,sell,293590530
1750571608604,81.29,27.642,sell,293590531
1750571608733,81.28,0.37,sell,293590532
1750571608750,81.28,0.493,sell,293590533
1750571608751,81.28,0.739,sell,293590534
1750571610374,81.29,0.766,buy,293590535
1750571610456,81.29,1.992,buy,293590536
1750571612633,81.29,0.123,buy,293590537
1750571615208,81.29,5,buy,293590538
1750571615396,81.29,0.944,sell,293590539
1750571616312,81.3,0.274,buy,293590540
1750571620744,81.29,0.619,sell,293590541
1750571631658,81.29,0.323,buy,293590542
1750571632135,81.29,10.992,buy,293590543
1750571635712,81.29,0.195,buy,293590544
1750571637879,81.29,0.363,sell,293590545
1750571637923,81.28,0.192,sell,293590546
1750571640460,81.28,0.073,buy,293590547
1750571640758,81.28,0.148,buy,293590548
1750571651832,81.28,3.064,buy,293590549
1750571652142,81.28,0.066,sell,293590550
1750571659902,81.29,0.184,buy,293590551
1750571660097,81.28,0.836,sell,293590552
1750571662335,81.28,0.125,sell,293590553
1750571663976,81.28,0.279,sell,293590554
1750571666168,81.28,1.104,sell,293590555
1750571667554,81.29,0.112,buy,293590556
1750571672539,81.29,0.767,buy,293590557
1750571673324,81.29,0.43,buy,293590558
1750571678059,81.28,2.313,sell,293590559
1750571678064,81.27,2.068,sell,293590560
1750571678114,81.26,1.766,sell,293590561
1750571684007,81.26,2.438,sell,293590562
1750571685573,81.25,15.192,sell,293590563
1750571689047,81.24,0.192,sell,293590564
1750571690000,81.23,0.192,sell,293590565
1750571693065,81.23,0.195,buy,293590566
1750571693392,81.24,0.307,buy,293590567
1750571693899,81.24,0.123,buy,293590568
1750571696748,81.22,0.192,sell,293590569
1750571703522,81.21,0.547,sell,293590570
1750571703933,81.21,0.384,buy,293590571
1750571707282,81.2,0.369,sell,293590572
1750571709352,81.19,0.192,sell,293590573
1750571713091,81.18,0.192,sell,293590574
1750571713107,81.17,1.155,sell,293590575
1750571715405,81.18,0.152,buy,293590576
1750571715605,81.17,0.178,sell,293590577
1750571716242,81.16,0.192,sell,293590578
1750571716242,81.15,0.305,sell,293590579
1750571720338,81.16,1.298,buy,293590580
1750571724226,81.15,0.654,sell,293590581
1750571725373,81.16,0.13,buy,293590582
1750571725953,81.16,0.092,sell,293590583
1750571726888,81.16,55.192,sell,293590584
1750571726888,81.15,6.032,sell,293590585
1750571727061,81.17,0.449,buy,293590586
1750571733261,81.18,0.39,buy,293590587
1750571733262,81.18,0.059,buy,293590588
1750571737521,81.19,0.384,buy,293590589
1750571737600,81.19,0.13,buy,293590590
1750571738076,81.2,0.452,buy,293590591
1750571738077,81.2,0.065,buy,293590592
1750571738286,81.21,0.107,buy,293590593
1750571743237,81.2,0.271,sell,293590594
1750571745903,81.21,0.24,buy,293590595
1750571749911,81.21,0.102,buy,293590596
1750571749927,81.21,0.13,buy,293590597
1750571749927,81.22,1.051,buy,293590598
1750571749929,81.22,0.13,buy,293590599
1750571751802,81.22,1.888,sell,293590600
1750571753545,81.21,0.708,sell,293590601
1750571756135,81.21,0.194,buy,293590602
1750571760334,81.21,0.195,buy,293590603
1750571765786,81.21,8.632,sell,293590604
1750571769600,81.21,0.195,buy,293590605
1750571769608,81.22,0.123,buy,293590606
1750571770141,81.21,0.184,sell,293590607
1750571770378,81.22,0.369,buy,293590608
1750571773123,81.21,1.516,sell,293590609
1750571777907,81.21,1.007,sell,293590610
1750571778480,81.22,0.21,buy,293590611
1750571778480,81.23,0.245,buy,293590612
1750571784502,81.22,0.185,buy,293590613
1750571785298,81.22,0.195,buy,293590614
1750571786256,81.23,0.461,buy,293590615
1750571787504,81.24,0.311,buy,293590616
1750571787505,81.24,0.206,buy,293590617
1750571787919,81.24,0.215,sell,293590618
1750571788155,81.25,0.152,buy,293590619
1750571797103,81.25,0.389,buy,293590620
1750571798666,81.24,0.434,sell,293590621
1750571804373,81.24,0.659,sell,293590622
1750571804700,81.25,0.458,buy,293590623
1750571807919,81.25,4.011,sell,293590624
1750571808000,81.26,0.517,buy,293590625
1750571815798,81.27,0.46,buy,293590626
1750571815800,81.27,0.057,buy,293590627
1750571817817,81.27,0.903,sell,293590628
1750571827144,81.27,0.109,sell,293590629
1750571830001,81.28,0.517,buy,293590630
1750571833714,81.29,1.049,buy,293590631
1750571834814,81.29,0.13,buy,293590632
1750571835097,81.3,0.079,buy,293590633
1750571838836,81.29,4.995,sell,293590634
1750571841937,81.29,0.109,sell,293590635
1750571855150,81.29,2,sell,293590636
1750571856245,81.29,10.36,sell,293590637
1750571857059,81.3,0.121,buy,293590638
1750571857565,81.29,0.109,sell,293590639
1750571858597,81.29,1.224,sell,293590640
1750571862478,81.3,0.252,buy,293590641
1750571862480,81.3,0.065,buy,293590642
1750571862629,81.31,0.46,buy,293590643
1750571862684,81.31,0.122,buy,293590644
1750571862783,81.32,0.517,buy,293590645
1750571862889,81.33,4.599,buy,293590646
1750571862919,81.34,0.61,buy,293590647
1750571862919,81.35,0.096,buy,293590648
1750571862934,81.35,2.534,buy,293590649
1750571863512,81.35,0.263,buy,293590650
1750571863513,81.35,0.065,buy,293590651
1750571863900,81.36,0.516,buy,293590652
1750571863900,81.37,0.665,buy,293590653
1750571864603,81.37,0.195,buy,293590654
1750571864719,81.37,0.473,sell,293590655
1750571869648,81.38,0.451,buy,293590656
1750571869650,81.38,0.065,buy,293590657
1750571872447,81.38,0.177,sell,293590658
1750571874006,81.38,0.25,sell,293590659
1750571874612,81.39,0.093,buy,293590660
1750571874980,81.38,1.117,sell,293590661
1750571875865,81.38,0.245,buy,293590662
1750571878000,81.37,0.479,sell,293590663
1750571878015,81.36,5.832,sell,293590664
1750571878140,81.35,0.124,sell,293590665
1750571878252,81.34,0.186,sell,293590666
1750571880045,81.34,0.383,buy,293590667
1750571882453,81.34,0.195,buy,293590668
1750571883038,81.35,0.39,buy,293590669
1750571883042,81.35,0.059,buy,293590670
1750571883049,81.36,0.448,buy,293590671
1750571883051,81.37,8.801,buy,293590672
1750571883154,81.38,0.516,buy,293590673
1750571883154,81.39,0.665,buy,293590674
1750571885589,81.39,3.366,buy,293590675
1750571885666,81.38,0.514,sell,293590676
1750571892784,81.37,0.109,sell,293590677
1750571902806,81.38,0.41,buy,293590678
1750571904381,81.38,0.26,buy,293590679
1750571905953,81.39,4.136,buy,293590680
1750571905953,81.39,16.519,buy,293590681
1750571905954,81.39,0.065,buy,293590682
1750571905962,81.4,3.506,buy,293590683
1750571906042,81.41,0.609,buy,293590684
1750571907085,81.41,15.419,sell,293590685
1750571907085,81.4,5.399,sell,293590686
1750571907719,81.4,0.109,sell,293590687
1750571908199,81.41,0.195,buy,293590688
1750571908496,81.42,2.774,buy,293590689
1750571910565,81.42,0.398,buy,293590690
1750571914893,81.42,6.191,buy,293590691
1750571914894,81.42,0.065,buy,293590692
1750571914940,81.43,1.15,buy,293590693
1750571915006,81.43,0.13,buy,293590694
1750571919355,81.44,0.116,buy,293590695
1750571919358,81.43,0.077,sell,293590696
1750571920985,81.44,0.393,buy,293590697
1750571923538,81.44,0.109,sell,293590698
1750571927071,81.45,3.18,buy,293590699
1750571927071,81.45,3.18,buy,293590700
1750571927071,81.45,0.029,buy,293590701
1750571930525,81.46,0.653,buy,293590702
1750571930525,81.47,0.387,buy,293590703
1750571930525,81.48,14.239,buy,293590704
1750571930525,81.48,2.812,buy,293590705
1750571930528,81.49,0.068,buy,293590706
1750571930900,81.49,0.325,buy,293590707
1750571930944,81.49,0.4,sell,293590708
1750571932354,81.49,14.233,buy,293590709
1750571932354,81.49,3.143,buy,293590710
1750571932354,81.49,0.065,buy,293590711
1750571936773,81.5,44.768,buy,293590712
1750571936773,81.5,9.312,buy,293590713
1750571936774,81.5,15.667,buy,293590714
1750571936780,81.5,10.507,buy,293590715
1750571936780,81.5,3.223,buy,293590716
1750571936780,81.5,3.859,buy,293590717
1750571936780,81.5,13.183,buy,293590718
1750571936781,81.5,0.745,buy,293590719
1750571936783,81.51,10.247,buy,293590720
1750571936794,81.51,2.392,buy,293590721
1750571937387,81.51,0.651,sell,293590722
1750571938971,81.51,2.37,sell,293590723
1750571939402,81.51,0.258,sell,293590724
1750571940671,81.51,21.474,sell,293590725
1750571941661,81.51,32.919,buy,293590726
1750571941666,81.52,0.854,buy,293590727
1750571941753,81.52,0.246,sell,293590728
1750571941776,81.52,0.123,sell,293590729
1750571941960,81.53,0.448,buy,293590730
1750571943302,81.52,0.185,sell,293590731
1750571944355,81.51,0.123,sell,293590732
1750571944679,81.5,0.13,sell,293590733
1750571945019,81.51,0.184,buy,293590734
1750571945176,81.51,0.427,buy,293590735
1750571945357,81.51,0.067,buy,293590736
1750571948236,81.5,15,sell,293590737
1750571948242,81.49,0.123,sell,293590738
1750571950193,81.49,0.252,buy,293590739
1750571959313,81.49,0.283,buy,293590740
1750571959315,81.49,0.109,buy,293590741
1750571959946,81.5,3,buy,293590742
1750571960305,81.49,0.077,sell,293590743
1750571960519,81.5,3.142,buy,293590744
1750571961786,81.5,0.383,buy,293590745
1750571961786,81.51,5.742,buy,293590746
1750571961786,81.52,8.869,buy,293590747
1750571968902,81.51,0.128,sell,293590748
1750571970602,81.51,0.109,sell,293590749
1750571971968,81.52,0.077,buy,293590750
1750571973642,81.52,4.306,buy,293590751
1750571973845,81.52,0.13,buy,293590752
1750571981149,81.52,0.109,sell,293590753
1750571981205,81.52,0.616,sell,293590754
1750571982189,81.53,0.383,buy,293590755
1750571986535,81.52,0.428,sell,293590756
1750571986535,81.51,0.157,sell,293590757
1750571986896,81.51,0.201,sell,293590758
1750571990188,81.5,0.109,sell,293590759
1750571990445,81.5,0.42,sell,293590760
1750571991432,81.51,6,buy,293590761
1750571993885,81.5,5.567,sell,293590762
1750571993887,81.5,9.095,sell,293590763
1750571998904,81.49,0.109,sell,293590764
1750572000992,81.5,0.82,buy,293590765
1750572000993,81.5,0.058,buy,293590766
1750572002640,81.5,1.528,buy,293590767
1750572003236,81.49,0.191,sell,293590768
1750572005295,81.49,0.195,buy,293590769
1750572005600,81.49,3.5,sell,293590770
1750572005790,81.49,0.195,buy,293590771
1750572008446,81.5,0.514,buy,293590772
1750572014305,81.49,1.401,sell,293590773
1750572014779,81.5,0.368,buy,293590774
1750572014781,81.5,0.08,buy,293590775
1750572015199,81.51,0.186,buy,293590776
1750572021138,81.5,0.883,sell,293590777
1750572025843,81.5,1.615,sell,293590778
1750572030078,81.5,5.34,sell,293590779
1750572030878,81.51,0.613,buy,293590780
1750572033134,81.51,6.362,buy,293590781
1750572033134,81.52,33.127,buy,293590782
1750572033151,81.53,2.934,buy,293590783
1750572033285,81.54,1.181,buy,293590784
1750572033555,81.54,0.186,buy,293590785
1750572033803,81.54,10.09,buy,293590786
1750572033804,81.54,14.37,buy,293590787
1750572033805,81.54,6.503,buy,293590788
1750572033806,81.54,8.033,buy,293590789
1750572033826,81.54,5.996,buy,293590790
1750572033828,81.54,1.086,buy,293590791
1750572035152,81.55,0.74,buy,293590792
1750572035152,81.55,0.509,buy,293590793
1750572035778,81.56,1.042,buy,293590794
1750572035778,81.57,4.137,buy,293590795
1750572035778,81.57,10.361,buy,293590796
1750572035778,81.58,45.458,buy,293590797
1750572035779,81.59,4,buy,293590798
1750572035780,81.59,0.702,buy,293590799
1750572035780,81.59,0.702,buy,293590800
1750572035780,81.59,0.702,buy,293590801
1750572035781,81.59,0.699,buy,293590802
1750572035781,81.59,0.702,buy,293590803
1750572035782,81.59,16.229,buy,293590804
1750572035829,81.6,1.181,buy,293590805
1750572036116,81.6,0.195,buy,293590806
1750572036117,81.6,0.065,buy,293590807
1750572036121,81.6,0.32,sell,293590808
1750572036397,81.61,0.599,buy,293590809
1750572036900,81.61,0.13,buy,293590810
1750572036900,81.62,0.469,buy,293590811
1750572037400,81.61,0.599,buy,293590812
1750572037903,81.61,0.599,buy,293590813
1750572038401,81.61,0.599,buy,293590814
1750572039712,81.6,0.089,sell,293590815
1750572040403,81.61,0.26,buy,293590816
1750572041843,81.62,0.928,buy,293590817
1750572043091,81.62,0.137,buy,293590818
1750572044775,81.61,0.186,sell,293590819
1750572047325,81.6,0.379,sell,293590820
1750572047335,81.59,36.645,sell,293590821
1750572047339,81.59,4.86,sell,293590822
1750572047616,81.58,0.185,sell,293590823
1750572049436,81.58,1.308,buy,293590824
1750572051063,81.58,0.325,buy,293590825
1750572051063,81.59,2.289,buy,293590826
1750572053942,81.59,1.771,buy,293590827
1750572053947,81.59,0.13,buy,293590828
1750572054005,81.6,0.229,buy,293590829
1750572059169,81.6,1.099,buy,293590830
1750572065957,81.59,0.325,buy,293590831
1750572066011,81.59,0.124,sell,293590832
1750572066349,81.6,0.123,buy,293590833
1750572067596,81.6,0.098,buy,293590834
1750572071793,81.6,0.169,buy,293590835
1750572071793,81.61,0.317,buy,293590836
1750572073848,81.61,0.396,buy,293590837
1750572073848,81.62,0.829,buy,293590838
1750572073849,81.62,0.042,buy,293590839
1750572074700,81.62,10,sell,293590840
1750572075089,81.62,1.828,sell,293590841
1750572075195,81.61,0.123,sell,293590842
1750572075266,81.6,1.181,sell,293590843
1750572077239,81.6,1.522,sell,293590844
1750572077244,81.59,22.43,sell,293590845
1750572077251,81.6,0.572,buy,293590846
1750572077492,81.59,0.086,buy,293590847
1750572077823,81.59,0.195,buy,293590848
1750572081500,81.6,0.448,buy,293590849
1750572088401,81.61,0.448,buy,293590850
1750572092207,81.62,0.393,buy,293590851
1750572093244,81.63,1.925,buy,293590852
1750572093244,81.64,1.389,buy,293590853
1750572093244,81.64,1.89,buy,293590854
1750572093826,81.64,0.334,buy,293590855
1750572094997,81.64,0.26,buy,293590856
1750572096863,81.65,0.516,buy,293590857
1750572096863,81.66,6.919,buy,293590858
1750572097590,81.65,3.191,sell,293590859
1750572098024,81.66,8.706,buy,293590860
1750572098595,81.66,0.064,sell,293590861
1750572099507,81.67,0.493,buy,293590862
1750572101668,81.66,0.13,sell,293590863
1750572103646,81.67,0.73,buy,293590864
1750572106901,81.67,0.3,buy,293590865
1750572106903,81.67,0.184,buy,293590866
1750572107079,81.67,1.181,sell,293590867
1750572107837,81.67,0.096,sell,293590868
1750572110575,81.67,0.275,sell,293590869
1750572110761,81.66,1.811,sell,293590870
1750572117699,81.67,0.411,buy,293590871
1750572117802,81.67,0.13,buy,293590872
1750572119807,81.68,0.416,buy,293590873
1750572122291,81.68,0.927,buy,293590874
1750572122970,81.68,6.768,buy,293590875
1750572122970,81.68,0.065,buy,293590876
1750572123114,81.68,0.15,sell,293590877
1750572124447,81.68,0.109,sell,293590878
1750572125793,81.69,0.763,buy,293590879
1750572126769,81.68,0.235,sell,293590880
1750572131151,81.66,0.614,sell,293590881
1750572143755,81.66,0.26,buy,293590882
1750572143757,81.66,0.065,buy,293590883
1750572146145,81.67,0.39,buy,293590884
1750572146145,81.67,0.058,buy,293590885
1750572148555,81.68,0.087,buy,293590886
1750572149259,81.68,6.425,buy,293590887
1750572149259,81.68,0.065,buy,293590888
1750572150610,81.68,0.179,sell,293590889
1750572154473,81.67,0.4,sell,293590890
1750572160855,81.67,0.089,sell,293590891
1750572171318,81.68,0.273,buy,293590892
1750572174109,81.68,0.195,buy,293590893
1750572177451,81.68,0.282,sell,293590894
1750572181441,81.69,40.57,buy,293590895
1750572181441,81.7,45.697,buy,293590896
1750572181441,81.71,8.516,buy,293590897
1750572181441,81.71,23.967,buy,293590898
1750572181441,81.71,100.45,buy,293590899
1750572181441,81.71,3.946,buy,293590900
1750572181441,81.72,76.923,buy,293590901
1750572181441,81.72,55.723,buy,293590902
1750572181441,81.72,64.095,buy,293590903
1750572181441,81.72,3.761,buy,293590904
1750572181444,81.73,101.25,buy,293590905
1750572181444,81.73,16.875,buy,293590906
1750572181445,81.73,41.033,buy,293590907
1750572181445,81.73,16.962,buy,293590908
1750572181445,81.73,20.986,buy,293590909
1750572181446,81.73,7.605,buy,293590910
1750572181446,81.73,9.439,buy,293590911
1750572181446,81.73,17.832,buy,293590912
1750572181447,81.74,6.121,buy,293590913
1750572181448,81.74,0.068,buy,293590914
1750572181449,81.74,3.253,buy,293590915
1750572181449,81.75,12.323,buy,293590916
1750572181455,81.75,1.453,sell,293590917
1750572181455,81.75,0.238,sell,293590918
1750572181493,81.76,11.192,buy,293590919
1750572181569,81.77,0.4,buy,293590920
1750572181593,81.77,0.599,buy,293590921
1750572181616,81.76,1.836,sell,293590922
1750572181686,81.77,0.599,buy,293590923
1750572181883,81.77,1.375,buy,293590924
1750572181884,81.77,0.066,buy,293590925
1750572181886,81.78,0.884,buy,293590926
1750572181889,81.78,0.271,buy,293590927
1750572181893,81.78,0.342,buy,293590928
1750572181908,81.78,1.962,buy,293590929
1750572182162,81.79,0.599,buy,293590930
