timestamp,price,quantity,side,tradeId
1750600800616,79.23,0.452,buy,293632817
1750600800824,79.23,10.984,sell,293632818
1750600800831,79.22,0.222,sell,293632819
1750600800916,79.21,0.222,sell,293632820
1750600801003,79.21,5.51,buy,293632821
1750600801003,79.21,0.062,buy,293632822
1750600801003,79.22,1.291,buy,293632823
1750600801152,79.22,0.13,buy,293632824
1750600801289,79.23,0.533,buy,293632825
1750600801313,79.22,0.665,sell,293632826
1750600801327,79.22,1.184,sell,293632827
1750600801396,79.21,0.127,sell,293632828
1750600801462,79.21,1.181,buy,293632829
1750600801790,79.2,19.891,sell,293632830
1750600801798,79.21,0.44,buy,293632831
1750600802341,79.2,5.757,sell,293632832
1750600802584,79.2,0.07,sell,293632833
1750600803228,79.2,0.446,buy,293632834
1750600803508,79.19,1.211,sell,293632835
1750600804466,79.19,0.189,buy,293632836
1750600804697,79.19,1.091,buy,293632837
1750600805991,79.2,0.063,buy,293632838
1750600806238,79.2,1.181,buy,293632839
1750600806311,79.2,3.283,buy,293632840
1750600806312,79.2,0.065,buy,293632841
1750600807228,79.2,0.195,buy,293632842
1750600809054,79.21,0.705,buy,293632843
1750600810178,79.21,0.085,buy,293632844
1750600810192,79.21,0.371,buy,293632845
1750600810727,79.2,0.319,sell,293632846
1750600811089,79.2,12.377,sell,293632847
1750600811090,79.2,5.184,sell,293632848
1750600811169,79.19,1.181,sell,293632849
1750600811198,79.19,6.909,sell,293632850
1750600811198,79.18,1.879,sell,293632851
1750600811214,79.19,0.195,buy,293632852
1750600811227,79.19,1.181,sell,293632853
1750600811329,79.19,0.126,sell,293632854
1750600811360,79.2,0.959,buy,293632855
1750600812532,79.2,13.45,buy,293632856
1750600812533,79.2,0.065,buy,293632857
1750600812618,79.21,0.325,buy,293632858
1750600812834,79.22,0.063,buy,293632859
1750600815502,79.2,0.363,sell,293632860
1750600815858,79.21,17.357,buy,293632861
1750600816915,79.21,29.231,sell,293632862
1750600817485,79.21,0.195,buy,293632863
1750600817884,79.21,1.926,sell,293632864
1750600818879,79.2,0.127,sell,293632865
1750600819682,79.19,0.525,sell,293632866
1750600819825,79.2,1.424,buy,293632867
1750600819827,79.2,0.065,buy,293632868
1750600819842,79.21,0.322,buy,293632869
1750600819979,79.22,1.447,buy,293632870
1750600820441,79.22,0.079,buy,293632871
1750600823012,79.22,22.063,buy,293632872
1750600823013,79.22,0.065,buy,293632873
1750600823169,79.23,1.181,buy,293632874
1750600823293,79.22,0.299,sell,293632875
1750600825103,79.22,1.938,sell,293632876
1750600826173,79.23,1.262,buy,293632877
1750600826788,79.21,6.437,sell,293632878
1750600826788,79.2,6.465,sell,293632879
1750600827783,79.2,10.755,sell,293632880
1750600829178,79.2,2.523,buy,293632881
1750600830211,79.19,0.17,sell,293632882
1750600830340,79.2,0.2,buy,293632883
1750600830340,79.2,0.06,buy,293632884
1750600830483,79.21,15.411,buy,293632885
1750600830485,79.21,0.065,buy,293632886
1750600830779,79.22,15.536,buy,293632887
1750600830780,79.22,0.065,buy,293632888
1750600830807,79.23,0.387,buy,293632889
1750600830807,79.24,0.002,buy,293632890
1750600830822,79.24,1.181,buy,293632891
1750600831693,79.24,0.195,buy,293632892
1750600832092,79.25,0.522,buy,293632893
1750600832110,79.26,0.771,buy,293632894
1750600832506,79.27,0.643,buy,293632895
1750600834155,79.28,0.116,buy,293632896
1750600834799,79.27,5.461,sell,293632897
1750600835311,79.26,0.744,sell,293632898
1750600835502,79.26,4.227,sell,293632899
1750600835558,79.25,0.447,sell,293632900
1750600836621,79.24,0.542,sell,293632901
1750600836696,79.25,0.94,buy,293632902
1750600836844,79.23,0.127,sell,293632903
1750600836858,79.22,9.048,sell,293632904
1750600836914,79.22,0.771,sell,293632905
1750600837938,79.22,0.132,sell,293632906
1750600838132,79.23,0.325,buy,293632907
1750600838160,79.24,0.322,buy,293632908
1750600838215,79.25,0.859,buy,293632909
1750600839212,79.25,2.523,buy,293632910
1750600840614,79.25,0.585,buy,293632911
1750600840719,79.25,3.711,buy,293632912
1750600840965,79.26,0.452,buy,293632913
1750600841451,79.26,0.178,sell,293632914
1750600841809,79.25,12.443,sell,293632915
1750600842400,79.25,0.195,buy,293632916
1750600842775,79.25,0.245,sell,293632917
1750600842782,79.25,8.573,sell,293632918
1750600843444,79.26,0.127,buy,293632919
1750600844703,79.25,7.094,sell,293632920
1750600845726,79.25,0.195,buy,293632921
1750600845727,79.25,0.065,buy,293632922
1750600845876,79.26,0.387,buy,293632923
1750600846521,79.26,2.439,sell,293632924
1750600847723,79.26,3.544,buy,293632925
1750600847726,79.26,5.094,buy,293632926
1750600847986,79.27,0.387,buy,293632927
1750600847988,79.27,0.065,buy,293632928
1750600849755,79.27,0.138,sell,293632929
1750600850219,79.28,1.181,buy,293632930
1750600850231,79.28,0.109,buy,293632931
1750600850248,79.29,0.752,buy,293632932
1750600850556,79.29,7.193,sell,293632933
1750600850985,79.28,0.127,sell,293632934
1750600852465,79.28,0.325,buy,293632935
1750600852782,79.28,13.746,sell,293632936
1750600853762,79.28,6.443,sell,293632937
1750600853792,79.27,0.127,sell,293632938
1750600854350,79.26,0.604,buy,293632939
1750600856788,79.26,12.462,sell,293632940
1750600857231,79.26,0.195,buy,293632941
1750600857448,79.27,0.14,buy,293632942
1750600860425,79.26,0.732,sell,293632943
1750600860530,79.25,0.127,sell,293632944
1750600860583,79.25,2.523,buy,293632945
1750600861338,79.25,1.261,buy,293632946
1750600861761,79.24,0.127,sell,293632947
1750600861937,79.24,0.2,buy,293632948
1750600861938,79.24,0.06,buy,293632949
1750600861941,79.25,0.101,buy,293632950
1750600862090,79.25,9.384,buy,293632951
1750600862786,79.26,35.641,buy,293632952
1750600862788,79.26,0.065,buy,293632953
1750600865416,79.27,16.47,buy,293632954
1750600865416,79.27,0.06,buy,293632955
1750600865483,79.28,0.387,buy,293632956
1750600865489,79.28,0.065,buy,293632957
1750600865584,79.29,0.552,buy,293632958
1750600865585,79.29,0.065,buy,293632959
1750600865611,79.3,0.972,buy,293632960
1750600865717,79.31,0.735,buy,293632961
1750600866242,79.31,0.13,buy,293632962
1750600867280,79.32,0.427,buy,293632963
1750600867579,79.3,0.127,sell,293632964
1750600867935,79.3,0.418,buy,293632965
1750600868143,79.29,4.327,sell,293632966
1750600870458,79.28,0.127,sell,293632967
1750600870581,79.27,5.216,sell,293632968
1750600871554,79.27,0.26,buy,293632969
1750600871558,79.28,0.452,buy,293632970
1750600871791,79.28,19.279,sell,293632971
1750600872782,79.28,14.793,sell,293632972
1750600873626,79.28,1.241,buy,293632973
1750600874432,79.27,11.834,sell,293632974
1750600874432,79.27,1.056,sell,293632975
1750600874880,79.27,0.275,buy,293632976
1750600875770,79.26,0.188,sell,293632977
1750600876977,79.26,2.676,sell,293632978
1750600877557,79.26,0.612,buy,293632979
1750600877932,79.26,0.195,buy,293632980
1750600878749,79.26,1.009,buy,293632981
1750600878959,79.26,0.526,buy,293632982
1750600880082,79.26,0.325,buy,293632983
1750600881103,79.27,1.456,buy,293632984
1750600881402,79.27,6.305,sell,293632985
1750600881482,79.26,0.411,sell,293632986
1750600881590,79.25,0.127,sell,293632987
1750600881895,79.25,0.44,buy,293632988
1750600881905,79.24,0.197,sell,293632989
1750600881923,79.23,0.127,sell,293632990
1750600881923,79.22,0.451,sell,293632991
1750600881971,79.22,0.195,buy,293632992
1750600882241,79.23,0.322,buy,293632993
1750600883574,79.22,4.427,sell,293632994
1750600883593,79.21,3.085,sell,293632995
1750600883594,79.21,3.305,sell,293632996
1750600883651,79.21,0.095,sell,293632997
1750600884192,79.2,12.013,sell,293632998
1750600884192,79.2,11.528,sell,293632999
1750600884338,79.19,0.255,sell,293633000
1750600884553,79.18,0.323,sell,293633001
1750600884613,79.17,0.165,sell,293633002
1750600885643,79.17,1,buy,293633003
1750600885730,79.17,0.189,buy,293633004
1750600886143,79.17,1.759,buy,293633005
1750600886443,79.16,0.261,sell,293633006
1750600887175,79.16,1.181,buy,293633007
1750600887244,79.16,1.181,buy,293633008
1750600887280,79.16,1.181,buy,293633009
1750600887291,79.16,1.181,buy,293633010
1750600887302,79.16,1.181,buy,293633011
1750600887305,79.16,1.181,buy,293633012
1750600887415,79.16,0.26,buy,293633013
1750600888649,79.16,0.195,buy,293633014
1750600889166,79.17,1.181,buy,293633015
1750600889834,79.17,0.195,buy,293633016
1750600890467,79.18,0.452,buy,293633017
1750600890769,79.19,0.325,buy,293633018
1750600890769,79.2,0.856,buy,293633019
1750600891095,79.2,0.26,buy,293633020
1750600891096,79.2,0.065,buy,293633021
1750600891504,79.2,0.069,sell,293633022
1750600891789,79.19,8.122,sell,293633023
1750600891789,79.18,10.818,sell,293633024
1750600892032,79.19,0.195,buy,293633025
1750600892632,79.2,0.452,buy,293633026
1750600892791,79.2,8.637,sell,293633027
1750600893223,79.21,0.452,buy,293633028
1750600893242,79.22,0.29,buy,293633029
1750600896700,79.22,0.297,buy,293633030
1750600897110,79.23,0.452,buy,293633031
1750600897664,79.22,0.127,sell,293633032
1750600898587,79.22,0.65,buy,293633033
1750600898775,79.21,0.127,sell,293633034
1750600898829,79.2,0.127,sell,293633035
1750600898864,79.2,0.264,buy,293633036
1750600899221,79.2,2.498,buy,293633037
1750600899222,79.2,0.065,buy,293633038
1750600899317,79.21,0.322,buy,293633039
1750600899317,79.22,0.859,buy,293633040
1750600902315,79.22,0.452,buy,293633041
1750600902783,79.22,16.733,sell,293633042
1750600903306,79.23,0.452,buy,293633043
1750600903450,79.24,0.387,buy,293633044
1750600903452,79.24,0.065,buy,293633045
1750600903764,79.25,0.195,buy,293633046
1750600903864,79.26,0.392,buy,293633047
1750600903866,79.26,0.065,buy,293633048
1750600903884,79.27,1.181,buy,293633049
1750600904123,79.27,0.13,buy,293633050
1750600904438,79.28,0.457,buy,293633051
1750600904698,79.29,0.543,buy,293633052
1750600904747,79.3,0.715,buy,293633053
1750600904854,79.31,0.387,buy,293633054
1750600904861,79.31,0.13,buy,293633055
1750600905187,79.32,0.33,buy,293633056
1750600905298,79.32,3.278,buy,293633057
1750600906463,79.32,0.195,buy,293633058
1750600907100,79.32,2.213,sell,293633059
1750600907824,79.31,11.255,sell,293633060
1750600907866,79.3,0.453,sell,293633061
1750600907992,79.29,0.127,sell,293633062
1750600908887,79.29,0.26,buy,293633063
1750600908940,79.3,2.102,buy,293633064
1750600909219,79.3,0.322,buy,293633065
1750600909491,79.31,0.322,buy,293633066
1750600909495,79.31,0.065,buy,293633067
1750600909776,79.32,0.387,buy,293633068
1750600909779,79.32,0.13,buy,293633069
1750600909779,79.33,1.051,buy,293633070
1750600909904,79.33,0.26,buy,293633071
1750600909919,79.34,2.102,buy,293633072
1750600910143,79.34,0.13,buy,293633073
1750600910242,79.35,1.181,buy,293633074
1750600911039,79.34,0.126,sell,293633075
1750600911276,79.33,6.427,sell,293633076
1750600911601,79.32,0.127,sell,293633077
1750600912129,79.32,0.325,buy,293633078
1750600912533,79.32,0.999,sell,293633079
1750600912544,79.33,0.387,buy,293633080
1750600912853,79.34,0.1,buy,293633081
1750600913563,79.33,1.267,buy,293633082
1750600913922,79.32,0.127,sell,293633083
1750600916787,79.31,14.117,sell,293633084
1750600916819,79.31,5.4,sell,293633085
1750600917449,79.31,0.523,buy,293633086
1750600917590,79.3,0.127,sell,293633087
1750600917929,79.3,0.117,buy,293633088
1750600919227,79.3,0.426,buy,293633089
1750600919244,79.31,1.181,buy,293633090
1750600919282,79.31,0.387,buy,293633091
1750600919526,79.32,0.325,buy,293633092
1750600919835,79.33,0.452,buy,293633093
1750600920262,79.34,0.598,buy,293633094
1750600920262,79.34,0.234,buy,293633095
1750600920543,79.34,0.127,sell,293633096
1750600920570,79.33,0.222,sell,293633097
1750600920653,79.32,0.222,sell,293633098
1750600920704,79.31,4.565,sell,293633099
1750600920729,79.31,0.678,buy,293633100
1750600921499,79.31,0.505,buy,293633101
1750600923908,79.3,1.405,buy,293633102
1750600923971,79.31,0.387,buy,293633103
1750600923995,79.32,0.547,buy,293633104
1750600923995,79.33,37.256,buy,293633105
1750600923995,79.34,1.422,buy,293633106
1750600924073,79.34,1.824,buy,293633107
1750600924633,79.33,0.079,sell,293633108
1750600925048,79.33,0.507,buy,293633109
1750600927015,79.32,10.528,sell,293633110
1750600927553,79.31,0.127,sell,293633111
1750600927783,79.3,14.329,sell,293633112
1750600927993,79.31,0.195,buy,293633113
1750600928147,79.32,0.268,buy,293633114
1750600929169,79.31,2.773,buy,293633115
1750600931787,79.3,7.79,sell,293633116
1750600932631,79.31,0.325,buy,293633117
1750600932716,79.32,7.684,buy,293633118
1750600932901,79.33,0.395,buy,293633119
1750600933220,79.34,0.452,buy,293633120
1750600933236,79.35,1.181,buy,293633121
1750600934515,79.34,0.124,sell,293633122
1750600935462,79.34,0.417,sell,293633123
1750600937017,79.34,6.595,sell,293633124
1750600937029,79.33,8.373,sell,293633125
1750600937173,79.32,1.181,sell,293633126
1750600937555,79.33,0.26,buy,293633127
1750600939091,79.33,0.195,buy,293633128
1750600940991,79.33,8.19,buy,293633129
1750600941277,79.33,0.11,sell,293633130
1750600941795,79.31,12.322,sell,293633131
1750600941795,79.3,4.559,sell,293633132
1750600943266,79.31,9.893,buy,293633133
1750600943266,79.32,15.322,buy,293633134
1750600943780,79.32,0.81,buy,293633135
1750600943974,79.33,0.452,buy,293633136
1750600944087,79.34,1.181,buy,293633137
1750600944440,79.34,0.336,buy,293633138
1750600944440,79.35,0.057,buy,293633139
1750600944823,79.35,0.875,buy,293633140
1750600944823,79.36,0.596,buy,293633141
1750600944823,79.37,5.371,buy,293633142
1750600946026,79.36,0.09,buy,293633143
1750600949042,79.35,0.127,sell,293633144
1750600949209,79.34,14.122,sell,293633145
1750600949209,79.33,80.35,sell,293633146
1750600949209,79.32,72.432,sell,293633147
1750600949209,79.31,33.096,sell,293633148
1750600949331,79.32,0.195,buy,293633149
1750600951179,79.33,0.325,buy,293633150
1750600952154,79.33,0.195,buy,293633151
1750600952783,79.33,12.431,sell,293633152
1750600952817,79.33,0.088,sell,293633153
1750600953651,79.32,0.127,sell,293633154
1750600955124,79.32,0.195,buy,293633155
1750600955495,79.33,0.322,buy,293633156
1750600955530,79.34,0.452,buy,293633157
1750600955703,79.34,3.682,buy,293633158
1750600955819,79.34,0.195,buy,293633159
1750600956080,79.35,0.387,buy,293633160
1750600956090,79.35,0.13,buy,293633161
1750600956690,79.36,0.617,buy,293633162
1750600957479,79.37,2.025,buy,293633163
1750600958012,79.36,0.195,buy,293633164
1750600958684,79.35,0.127,sell,293633165
1750600959026,79.34,11.627,sell,293633166
1750600959804,79.34,18.1,buy,293633167
1750600959804,79.35,24.244,buy,293633168
1750600959804,79.36,8.962,buy,293633169
1750600960215,79.35,0.195,buy,293633170
1750600960697,79.35,1.404,sell,293633171
1750600961788,79.35,14.294,sell,293633172
1750600961788,79.34,2.302,sell,293633173
1750600961984,79.35,0.195,buy,293633174
1750600962752,79.36,0.452,buy,293633175
1750600962830,79.37,0.452,buy,293633176
1750600962888,79.38,3,buy,293633177
1750600962983,79.38,0.323,buy,293633178
1750600963744,79.37,0.1,buy,293633179
1750600963802,79.37,0.095,buy,293633180
1750600964663,79.37,0.153,sell,293633181
1750600965033,79.37,0.195,buy,293633182
1750600965277,79.37,0.195,buy,293633183
1750600965314,79.37,0.723,sell,293633184
1750600965425,79.37,3.062,sell,293633185
1750600965497,79.38,0.084,buy,293633186
1750600965562,79.37,0.143,sell,293633187
1750600965649,79.38,0.387,buy,293633188
1750600965988,79.39,0.452,buy,293633189
1750600966023,79.4,0.178,buy,293633190
1750600966053,79.4,0.705,buy,293633191
1750600966073,79.4,0.13,buy,293633192
1750600966518,79.41,0.378,buy,293633193
1750600967416,79.4,0.577,sell,293633194
1750600967511,79.41,0.073,buy,293633195
1750600967783,79.4,13.265,sell,293633196
1750600968057,79.41,0.325,buy,293633197
1750600968739,79.42,0.522,buy,293633198
1750600969256,79.43,0.451,buy,293633199
1750600970211,79.43,0.195,buy,293633200
1750600970212,79.43,0.065,buy,293633201
1750600970652,79.44,0.651,buy,293633202
1750600970775,79.44,0.13,buy,293633203
1750600970775,79.45,1.659,buy,293633204
1750600970853,79.45,2.541,buy,293633205
1750600970865,79.45,0.13,buy,293633206
1750600970970,79.46,0.634,buy,293633207
1750600970981,79.46,0.13,buy,293633208
1750600971624,79.47,1.102,buy,293633209
1750600971639,79.48,1.964,buy,293633210
1750600971867,79.49,0.388,buy,293633211
1750600971869,79.49,0.065,buy,293633212
1750600971897,79.5,1.695,buy,293633213
1750600972008,79.51,11.023,buy,293633214
1750600972141,79.52,0.788,buy,293633215
1750600972683,79.5,0.651,sell,293633216
1750600972765,79.5,0.126,sell,293633217
1750600972841,79.49,0.08,sell,293633218
1750600972909,79.49,1.181,sell,293633219
1750600972965,79.49,1.181,sell,293633220
1750600973047,79.49,1.181,sell,293633221
1750600973110,79.49,1.181,sell,293633222
1750600973119,79.49,1.181,sell,293633223
1750600974015,79.49,0.409,sell,293633224
1750600974016,79.49,0.772,sell,293633225
1750600974020,79.49,1.181,sell,293633226
1750600974038,79.49,1.181,sell,293633227
1750600974128,79.49,0.928,sell,293633228
1750600974496,79.49,0.195,buy,293633229
1750600974856,79.49,1.181,sell,293633230
1750600974878,79.49,1.181,sell,293633231
1750600974898,79.49,1.181,sell,293633232
1750600974918,79.49,1.181,sell,293633233
1750600975033,79.48,1.181,sell,293633234
1750600975038,79.49,0.26,buy,293633235
1750600975108,79.48,0.149,sell,293633236
1750600975117,79.49,3.184,buy,293633237
1750600975141,79.49,0.399,buy,293633238
1750600975218,79.48,1.181,sell,293633239
1750600975463,79.49,0.759,buy,293633240
1750600975545,79.48,6.126,sell,293633241
1750600975791,79.47,0.945,sell,293633242
1750600975811,79.48,1.008,buy,293633243
1750600975942,79.47,0.126,sell,293633244
1750600976016,79.46,1.181,sell,293633245
1750600976022,79.46,1.181,sell,293633246
1750600976039,79.46,1.181,sell,293633247
1750600976476,79.46,0.126,sell,293633248
1750600976568,79.46,0.285,buy,293633249
1750600977094,79.44,1.181,sell,293633250
1750600977098,79.44,6.79,sell,293633251
1750600977098,79.44,7.12,sell,293633252
1750600977104,79.44,1.181,sell,293633253
1750600977104,79.44,3.028,sell,293633254
1750600977223,79.43,2.362,sell,293633255
1750600977480,79.43,0.126,sell,293633256
1750600977983,79.42,0.957,sell,293633257
1750600977984,79.42,0.224,sell,293633258
1750600978208,79.42,0.117,buy,293633259
1750600979265,79.42,0.195,buy,293633260
1750600979465,79.43,1.604,buy,293633261
1750600979885,79.44,0.386,buy,293633262
1750600979886,79.44,0.065,buy,293633263
1750600979899,79.45,1.181,buy,293633264
1750600980468,79.45,0.26,buy,293633265
1750600980469,79.45,0.065,buy,293633266
1750600980518,79.46,0.451,buy,293633267
1750600980543,79.47,0.416,buy,293633268
1750600980655,79.48,2.344,buy,293633269
1750600980720,79.49,0.386,buy,293633270
1750600980784,79.5,0.576,buy,293633271
1750600980818,79.51,2.87,buy,293633272
1750600980824,79.51,0.128,buy,293633273
1750600981105,79.5,8.085,sell,293633274
1750600981110,79.49,13.506,sell,293633275
1750600981122,79.5,0.251,buy,293633276
1750600981152,79.49,10.171,sell,293633277
1750600981197,79.48,10.466,sell,293633278
1750600981197,79.48,3.207,sell,293633279
1750600981210,79.48,3.155,buy,293633280
1750600981222,79.48,0.146,buy,293633281
1750600981242,79.48,0.211,buy,293633282
1750600981302,79.48,28.814,buy,293633283
1750600981444,79.47,7.626,sell,293633284
1750600981532,79.47,0.171,buy,293633285
1750600981720,79.46,11.125,sell,293633286
1750600981720,79.46,6.591,sell,293633287
1750600981787,79.45,0.221,sell,293633288
1750600981787,79.44,5.727,sell,293633289
1750600982292,79.44,0.126,sell,293633290
1750600982668,79.43,0.126,sell,293633291
1750600982962,79.42,1.305,sell,293633292
1750600982963,79.42,6.816,sell,293633293
1750600983017,79.41,1.181,sell,293633294
1750600983511,79.4,0.127,sell,293633295
1750600983975,79.39,0.127,sell,293633296
1750600985472,79.39,6.814,buy,293633297
1750600985502,79.39,0.294,buy,293633298
1750600986276,79.39,1,buy,293633299
1750600987172,79.39,0.594,buy,293633300
1750600987268,79.4,0.482,buy,293633301
1750600987268,79.41,0.547,buy,293633302
1750600987783,79.4,7.995,sell,293633303
1750600987783,79.39,5.797,sell,293633304
1750600988376,79.4,0.26,buy,293633305
1750600988714,79.41,0.33,buy,293633306
1750600988720,79.41,0.122,buy,293633307
1750600988857,79.42,8.32,buy,293633308
1750600989687,79.43,0.26,buy,293633309
1750600989689,79.43,0.065,buy,293633310
1750600989835,79.43,50,sell,293633311
1750600990078,79.43,0.099,sell,293633312
1750600991360,79.42,0.126,sell,293633313
1750600993167,79.41,0.127,sell,293633314
1750600993183,79.4,0.222,sell,293633315
1750600993216,79.39,0.807,sell,293633316
1750600993931,79.38,0.197,sell,293633317
1750600993934,79.37,0.127,sell,293633318
1750600994475,79.37,6.299,buy,293633319
1750600994571,79.37,0.604,buy,293633320
1750600994779,79.37,1.324,buy,293633321
1750600995310,79.36,0.197,sell,293633322
1750600996869,79.36,0.333,buy,293633323
1750600996928,79.37,0.387,buy,293633324
1750600996928,79.38,0.794,buy,293633325
1750600997380,79.38,0.452,buy,293633326
1750600998012,79.38,0.129,sell,293633327
1750600998915,79.37,12.849,sell,293633328
1750600999374,79.38,8.475,buy,293633329
1750600999376,79.38,0.065,buy,293633330
1750600999612,79.39,0.452,buy,293633331
1750601000863,79.38,0.127,sell,293633332
1750601001504,79.38,1.034,buy,293633333
1750601001905,79.37,5.034,sell,293633334
1750601001999,79.36,0.222,sell,293633335
1750601002684,79.35,3.22,sell,293633336
1750601002937,79.34,0.07,sell,293633337
1750601002978,79.33,0.127,sell,293633338
1750601003462,79.33,0.325,buy,293633339
1750601003641,79.34,0.387,buy,293633340
1750601004133,79.35,0.387,buy,293633341
1750601004789,79.36,0.452,buy,293633342
1750601004805,79.37,1.302,buy,293633343
1750601005278,79.37,0.325,buy,293633344
1750601005287,79.37,50,sell,293633345
1750601005885,79.37,0.776,sell,293633346
1750601008011,79.37,0.152,buy,293633347
1750601009583,79.37,0.381,buy,293633348
1750601009585,79.37,0.065,buy,293633349
1750601009952,79.38,0.387,buy,293633350
1750601009954,79.38,0.065,buy,293633351
1750601010036,79.39,0.452,buy,293633352
1750601010036,79.4,0.729,buy,293633353
1750601010732,79.39,0.195,buy,293633354
1750601011082,79.4,5.037,buy,293633355
1750601011851,79.4,0.188,buy,293633356
1750601012792,79.4,5.036,buy,293633357
1750601013217,79.4,0.062,buy,293633358
1750601014482,79.38,0.195,buy,293633359
1750601016168,79.38,0.195,buy,293633360
1750601016168,79.39,0.056,buy,293633361
1750601016375,79.39,13.24,buy,293633362
1750601016468,79.4,0.39,buy,293633363
1750601016542,79.41,2.241,buy,293633364
1750601016596,79.42,2.502,buy,293633365
1750601017111,79.43,0.266,buy,293633366
1750601018030,79.42,0.195,buy,293633367
1750601018291,79.43,0.321,buy,293633368
1750601018483,79.44,0.521,buy,293633369
1750601018593,79.45,0.451,buy,293633370
1750601018689,79.46,0.33,buy,293633371
1750601018691,79.46,0.065,buy,293633372
1750601018801,79.47,0.195,buy,293633373
1750601019476,79.46,0.237,sell,293633374
1750601019702,79.44,11.25,sell,293633375
1750601019916,79.43,0.126,sell,293633376
1750601021767,79.42,3.326,sell,293633377
1750601021771,79.41,0.127,sell,293633378
1750601023508,79.4,0.325,buy,293633379
1750601023508,79.41,1.578,buy,293633380
1750601024894,79.4,16.118,buy,293633381
1750601024894,79.41,0.42,buy,293633382
1750601024895,79.42,4,buy,293633383
1750601024895,79.42,25.15,buy,293633384
1750601024895,79.42,12.753,buy,293633385
1750601024900,79.43,6.296,buy,293633386
1750601024939,79.42,1.181,buy,293633387
1750601024982,79.42,1.181,buy,293633388
1750601025345,79.42,0.195,buy,293633389
1750601025739,79.43,0.285,buy,293633390
1750601025844,79.43,0.125,buy,293633391
1750601025945,79.43,5.118,buy,293633392
1750601028888,79.43,6.133,sell,293633393
1750601028888,79.43,11.769,sell,293633394
1750601028890,79.42,0.127,sell,293633395
1750601028959,79.41,1.181,sell,293633396
1750601030038,79.42,0.325,buy,293633397
1750601030115,79.43,1.181,buy,293633398
1750601030319,79.43,0.386,buy,293633399
1750601030352,79.44,0.451,buy,293633400
1750601030446,79.45,0.386,buy,293633401
1750601030448,79.45,0.065,buy,293633402
1750601030793,79.46,0.521,buy,293633403
1750601030935,79.47,0.321,buy,293633404
1750601030937,79.47,0.065,buy,293633405
1750601030941,79.48,1.181,buy,293633406
1750601031442,79.48,0.13,buy,293633407
1750601031619,79.49,0.256,buy,293633408
1750601031624,79.49,0.065,buy,293633409
1750601033188,79.48,10.944,sell,293633410
1750601033193,79.47,0.998,sell,293633411
1750601033217,79.47,0.221,sell,293633412
1750601033323,79.46,0.744,sell,293633413
1750601033833,79.47,0.405,buy,293633414
1750601034199,79.48,0.371,buy,293633415
1750601035193,79.46,5.726,sell,293633416
1750601035212,79.45,0.126,sell,293633417
1750601036076,79.44,0.126,sell,293633418
1750601036266,79.44,3.143,buy,293633419
1750601036295,79.43,0.126,sell,293633420
1750601037292,79.41,0.195,buy,293633421
1750601037641,79.42,0.33,buy,293633422
1750601037653,79.42,0.121,buy,293633423
1750601037721,79.43,0.26,buy,293633424
1750601037722,79.43,0.065,buy,293633425
1750601038234,79.43,0.195,buy,293633426
1750601038484,79.44,0.451,buy,293633427
1750601039103,79.45,0.606,buy,293633428
1750601039716,79.45,0.439,buy,293633429
1750601040453,79.44,1.901,sell,293633430
1750601040719,79.45,2.527,buy,293633431
1750601040933,79.46,0.451,buy,293633432
1750601041142,79.47,0.451,buy,293633433
1750601041249,79.48,1.181,buy,293633434
1750601041548,79.48,0.13,buy,293633435
1750601041838,79.49,4.976,buy,293633436
1750601042246,79.49,1.247,buy,293633437
1750601043744,79.49,9.376,buy,293633438
1750601044155,79.5,11.883,buy,293633439
1750601044155,79.5,65.335,buy,293633440
1750601044266,79.51,0.321,buy,293633441
1750601044266,79.52,0.86,buy,293633442
1750601044472,79.5,6.66,sell,293633443
1750601044552,79.49,0.318,sell,293633444
1750601044701,79.51,0.307,buy,293633445
1750601044921,79.5,0.075,sell,293633446
1750601045248,79.51,0.126,buy,293633447
1750601045444,79.52,0.126,buy,293633448
1750601045505,79.53,0.351,buy,293633449
1750601045731,79.54,0.344,buy,293633450
1750601045847,79.55,2.426,buy,293633451
1750601046365,79.56,6.521,buy,293633452
1750601046624,79.56,0.741,sell,293633453
1750601046840,79.56,0.065,sell,293633454
1750601047056,79.56,0.679,sell,293633455
1750601049946,79.57,2.298,sell,293633456
1750601050054,79.57,0.392,buy,293633457
1750601050982,79.56,1.181,sell,293633458
1750601051121,79.56,0.679,sell,293633459
1750601051189,79.56,1.181,sell,293633460
1750601051200,79.56,1.181,sell,293633461
1750601051206,79.56,1.181,sell,293633462
1750601051217,79.56,1.181,sell,293633463
1750601051232,79.56,1.181,sell,293633464
1750601051238,79.56,1.181,sell,293633465
1750601051253,79.56,1.181,sell,293633466
1750601051263,79.56,1.181,sell,293633467
1750601051272,79.56,0.349,sell,293633468
1750601051272,79.56,0.348,sell,293633469
1750601051351,79.55,1.181,sell,293633470
1750601051469,79.56,6.936,buy,293633471
1750601051831,79.57,7.563,buy,293633472
1750601052647,79.58,0.263,buy,293633473
1750601054285,79.58,1.223,buy,293633474
1750601055464,79.59,2.512,buy,293633475
1750601055469,79.59,1.071,buy,293633476
1750601055601,79.59,21.864,buy,293633477
1750601056117,79.59,0.678,sell,293633478
1750601056487,79.6,20.997,buy,293633479
1750601056487,79.61,16.689,buy,293633480
1750601057124,79.6,1.695,sell,293633481
1750601058261,79.6,0.211,sell,293633482
1750601058324,79.59,0.97,sell,293633483
1750601058365,79.6,0.116,buy,293633484
1750601058870,79.6,0.26,buy,293633485
1750601059734,79.59,1.133,sell,293633486
1750601059992,79.59,0.126,sell,293633487
1750601060053,79.59,0.705,buy,293633488
1750601060776,79.59,0.26,buy,293633489
1750601061078,79.59,0.679,sell,293633490
1750601061928,79.59,0.416,buy,293633491
1750601062200,79.59,0.425,buy,293633492
1750601062249,79.58,0.755,sell,293633493
1750601062442,79.59,1.256,buy,293633494
1750601063355,79.59,0.065,buy,293633495
1750601063726,79.6,0.95,buy,293633496
1750601064823,79.58,1.728,sell,293633497
1750601066630,79.58,0.148,sell,293633498
1750601068255,79.59,0.176,buy,293633499
1750601068355,79.58,0.099,sell,293633500
1750601068982,79.59,0.544,buy,293633501
1750601069720,79.58,7.127,sell,293633502
1750601070168,79.57,0.501,sell,293633503
1750601072200,79.55,0.126,sell,293633504
1750601072488,79.54,4.27,sell,293633505
1750601072704,79.53,0.126,sell,293633506
1750601073268,79.54,0.126,buy,293633507
1750601074047,79.53,0.126,sell,293633508
1750601074060,79.53,1.294,buy,293633509
1750601074104,79.52,0.291,sell,293633510
1750601074196,79.51,4.81,sell,293633511
1750601074550,79.5,0.07,sell,293633512
1750601075402,79.49,4.035,buy,293633513
1750601075686,79.48,0.125,sell,293633514
1750601076350,79.5,0.126,buy,293633515
1750601076737,79.51,0.126,buy,293633516
1750601076834,79.52,0.1,buy,293633517
1750601077662,79.5,0.126,sell,293633518
1750601078583,79.49,0.126,sell,293633519
1750601078666,79.48,0.221,sell,293633520
1750601079676,79.46,0.196,sell,293633521
1750601080003,79.45,1.136,sell,293633522
1750601080039,79.44,0.196,sell,293633523
1750601080309,79.43,0.214,sell,293633524
1750601080701,79.43,0.078,buy,293633525
1750601081604,79.44,19.371,buy,293633526
1750601081604,79.45,23.364,buy,293633527
1750601081604,79.46,7.265,buy,293633528
1750601081755,79.45,0.165,buy,293633529
1750601081855,79.44,0.118,sell,293633530
1750601082183,79.43,0.126,sell,293633531
1750601082782,79.43,1.206,buy,293633532
1750601082805,79.43,1.181,buy,293633533
1750601082815,79.43,1.181,buy,293633534
1750601083247,79.42,0.197,sell,293633535
1750601083836,79.43,3.543,buy,293633536
1750601083889,79.43,1.181,buy,293633537
1750601083910,79.43,1.181,buy,293633538
1750601083918,79.43,1.181,buy,293633539
1750601083930,79.43,0.722,buy,293633540
1750601084029,79.44,2.821,buy,293633541
1750601084602,79.42,0.126,sell,293633542
1750601084774,79.42,1.181,buy,293633543
1750601084794,79.42,1.181,buy,293633544
1750601084825,79.42,1.181,buy,293633545
1750601084990,79.41,0.127,sell,293633546
1750601085110,79.41,1.181,buy,293633547
1750601085114,79.41,1.181,buy,293633548
1750601085173,79.41,1.181,buy,293633549
1750601085185,79.41,1.181,buy,293633550
1750601085778,79.41,1.181,buy,293633551
1750601085799,79.41,1.181,buy,293633552
1750601085884,79.41,1.181,buy,293633553
1750601085903,79.41,1.181,buy,293633554
1750601085919,79.41,1.181,buy,293633555
1750601085948,79.41,1.181,buy,293633556
1750601086188,79.4,0.127,sell,293633557
1750601086421,79.39,0.197,sell,293633558
1750601086900,79.38,0.07,sell,293633559
1750601086903,79.38,8.884,buy,293633560
1750601087562,79.39,12.082,buy,293633561
1750601087568,79.4,0.127,buy,293633562
1750601088130,79.41,3.543,buy,293633563
1750601088317,79.41,0.127,buy,293633564
1750601089871,79.41,0.446,sell,293633565
1750601089975,79.4,0.095,sell,293633566
1750601090785,79.39,0.121,sell,293633567
1750601090987,79.39,0.006,sell,293633568
1750601091777,79.38,0.127,sell,293633569
1750601091908,79.37,0.127,sell,293633570
1750601092016,79.36,4.215,sell,293633571
1750601092170,79.36,39.614,buy,293633572
1750601092170,79.37,27.154,buy,293633573
1750601092170,79.38,6.234,buy,293633574
1750601092400,79.35,0.127,sell,293633575
1750601092775,79.35,1.181,buy,293633576
1750601092779,79.35,19.153,buy,293633577
1750601092821,79.36,2.362,buy,293633578
1750601093209,79.36,1.181,buy,293633579
1750601093260,79.36,1.181,buy,293633580
1750601093301,79.36,10.196,buy,293633581
1750601094711,79.35,0.127,sell,293633582
1750601095071,79.35,11.25,buy,293633583
1750601095173,79.36,3.543,buy,293633584
1750601095379,79.36,7.834,buy,293633585
1750601095501,79.37,10.838,buy,293633586
1750601095501,79.38,11.345,buy,293633587
1750601096798,79.37,8.222,sell,293633588
1750601096798,79.36,8.122,sell,293633589
1750601096935,79.36,1.181,buy,293633590
1750601097042,79.36,10.586,buy,293633591
1750601097048,79.36,116.743,buy,293633592
1750601097167,79.37,2.362,buy,293633593
1750601097204,79.37,0.251,buy,293633594
1750601098978,79.38,0.381,buy,293633595
1750601099070,79.37,0.115,sell,293633596
1750601100402,79.36,0.127,sell,293633597
1750601100432,79.35,0.1,sell,293633598
1750601100753,79.36,0.264,buy,293633599
1750601100879,79.36,1.206,buy,293633600
1750601100903,79.36,1.181,buy,293633601
1750601100918,79.36,1.181,buy,293633602
1750601101208,79.36,1.991,buy,293633603
1750601101220,79.37,0.372,buy,293633604
1750601101290,79.38,3.654,buy,293633605
1750601101293,79.38,0.188,buy,293633606
1750601101517,79.39,3.543,buy,293633607
1750601102110,79.4,0.127,buy,293633608
1750601102216,79.41,1.425,buy,293633609
1750601102380,79.42,11.446,buy,293633610
1750601103306,79.43,2.08,buy,293633611
1750601103480,79.43,21.381,sell,293633612
1750601103484,79.42,0.099,sell,293633613
1750601103786,79.43,0.26,buy,293633614
1750601105650,79.44,0.26,buy,293633615
1750601105654,79.44,0.13,buy,293633616
1750601106018,79.44,1.398,sell,293633617
1750601106048,79.44,0.402,sell,293633618
1750601106255,79.44,0.872,sell,293633619
1750601106779,79.44,0.632,sell,293633620
1750601107364,79.45,0.681,buy,293633621
1750601107364,79.45,0.645,buy,293633622
1750601108165,79.46,0.386,buy,293633623
1750601108329,79.46,0.13,buy,293633624
1750601108485,79.47,0.103,buy,293633625
1750601109594,79.46,0.098,sell,293633626
1750601110287,79.45,12.66,sell,293633627
1750601110288,79.45,13.638,sell,293633628
1750601110338,79.44,0.126,sell,293633629
1750601110439,79.43,0.126,sell,293633630
1750601110476,79.42,0.997,sell,293633631
1750601111122,79.41,0.195,buy,293633632
1750601111651,79.4,0.326,sell,293633633
1750601114693,79.38,3.368,sell,293633634
1750601114694,79.38,0.664,sell,293633635
1750601114694,79.38,0.265,sell,293633636
1750601116018,79.38,1.007,buy,293633637
1750601116506,79.39,0.064,buy,293633638
1750601116791,79.38,19.44,buy,293633639
1750601116791,79.39,20.258,buy,293633640
1750601117308,79.38,0.705,buy,293633641
1750601117796,79.37,0.127,sell,293633642
1750601118615,79.37,0.195,buy,293633643
1750601118617,79.37,0.065,buy,293633644
1750601119531,79.37,12.623,buy,293633645
1750601119615,79.36,0.952,sell,293633646
1750601121200,79.36,0.076,buy,293633647
1750601121387,79.35,0.127,sell,293633648
1750601121439,79.34,0.387,sell,293633649
1750601121597,79.33,10.441,sell,293633650
1750601121824,79.33,0.195,buy,293633651
1750601122943,79.33,0.325,buy,293633652
1750601123038,79.34,0.452,buy,293633653
1750601123038,79.35,0.547,buy,293633654
1750601125172,79.35,0.195,buy,293633655
1750601125444,79.36,0.452,buy,293633656
1750601125961,79.37,0.565,buy,293633657
1750601126188,79.38,0.457,buy,293633658
1750601126190,79.38,0.065,buy,293633659
1750601126453,79.39,0.322,buy,293633660
1750601126704,79.39,0.065,buy,293633661
1750601126704,79.4,0.257,buy,293633662
1750601127449,79.41,0.257,buy,293633663
1750601127449,79.42,0.139,buy,293633664
1750601129088,79.4,0.127,sell,293633665
1750601129141,79.4,0.181,buy,293633666
1750601131458,79.39,1.518,sell,293633667
1750601131540,79.38,0.127,sell,293633668
1750601132017,79.38,2.385,buy,293633669
1750601133057,79.39,15.22,buy,293633670
1750601133057,79.4,12.518,buy,293633671
1750601133889,79.37,0.127,sell,293633672
1750601134228,79.36,4.67,sell,293633673
1750601134230,79.35,0.127,sell,293633674
1750601134383,79.34,0.127,sell,293633675
1750601134640,79.33,0.127,sell,293633676
1750601134640,79.32,2.992,sell,293633677
1750601136320,79.33,2.509,buy,293633678
1750601138852,79.33,5.842,buy,293633679
1750601138852,79.34,0.46,buy,293633680
1750601139214,79.32,0.075,sell,293633681
1750601139659,79.32,0.109,sell,293633682
1750601139748,79.33,0.804,buy,293633683
1750601139767,79.34,0.222,buy,293633684
1750601140005,79.34,0.122,sell,293633685
1750601142037,79.34,0.096,buy,293633686
1750601142765,79.34,1.015,buy,293633687
1750601143295,79.33,0.127,sell,293633688
1750601143478,79.32,0.127,sell,293633689
1750601143835,79.33,2.313,buy,293633690
1750601143986,79.32,0.101,sell,293633691
1750601144766,79.3,0.192,sell,293633692
1750601146706,79.31,0.126,buy,293633693
1750601147397,79.3,2.132,sell,293633694
1750601147435,79.29,0.127,sell,293633695
1750601148006,79.3,0.127,buy,293633696
1750601148121,79.31,0.127,buy,293633697
1750601148618,79.32,0.126,buy,293633698
1750601149524,79.3,0.129,sell,293633699
1750601150645,79.3,0.127,sell,293633700
1750601153055,79.28,0.07,sell,293633701
1750601154361,79.29,0.2,buy,293633702
1750601154743,79.27,0.63,sell,293633703
1750601157153,79.26,0.197,sell,293633704
1750601157157,79.25,0.127,sell,293633705
1750601158900,79.24,0.07,sell,293633706
1750601159012,79.24,0.118,buy,293633707
1750601160107,79.23,0.127,sell,293633708
1750601160362,79.22,0.267,sell,293633709
1750601160370,79.21,0.292,sell,293633710
1750601160378,79.2,0.07,sell,293633711
1750601160816,79.21,9.992,buy,293633712
1750601160860,79.22,0.127,buy,293633713
1750601160966,79.23,4.36,buy,293633714
1750601160967,79.23,1.297,buy,293633715
1750601160982,79.24,4.222,buy,293633716
1750601161025,79.25,1.408,buy,293633717
1750601161297,79.25,2.222,buy,293633718
1750601161297,79.26,0.548,buy,293633719
1750601161326,79.27,13.997,buy,293633720
1750601162847,79.26,0.127,sell,293633721
1750601164490,79.25,0.127,sell,293633722
1750601164708,79.25,0.258,buy,293633723
1750601164810,79.25,1.352,buy,293633724
1750601165921,79.23,0.127,sell,293633725
1750601168352,79.22,0.127,sell,293633726
1750601168719,79.21,0.438,sell,293633727
1750601170252,79.23,0.939,buy,293633728
1750601171466,79.22,0.127,sell,293633729
1750601171877,79.21,10.037,sell,293633730
1750601171979,79.2,0.203,sell,293633731
1750601171979,79.19,0.286,sell,293633732
1750601171979,79.18,4.212,sell,293633733
1750601172017,79.18,0.939,sell,293633734
1750601172603,79.18,10.109,sell,293633735
1750601172652,79.18,8.561,sell,293633736
1750601173469,79.18,0.812,buy,293633737
1750601173469,79.19,0.222,buy,293633738
1750601173469,79.2,0.229,buy,293633739
1750601174591,79.2,0.127,buy,293633740
1750601174829,79.21,0.895,buy,293633741
1750601177670,79.21,0.127,buy,293633742
1750601178482,79.22,0.529,buy,293633743
1750601180796,79.23,0.127,buy,293633744
1750601180796,79.24,1.813,buy,293633745
1750601182050,79.24,6.308,sell,293633746
1750601182100,79.23,0.27,sell,293633747
1750601182201,79.23,0.206,sell,293633748
1750601182604,79.24,1.855,buy,293633749
1750601184364,79.23,0.127,sell,293633750
1750601184440,79.22,0.127,sell,293633751
1750601184821,79.21,0.127,sell,293633752
1750601188448,79.2,0.197,sell,293633753
1750601190274,79.19,0.818,sell,293633754
1750601190439,79.19,0.149,sell,293633755
1750601190698,79.19,0.063,sell,293633756
1750601191104,79.19,0.353,sell,293633757
1750601192051,79.2,0.705,buy,293633758
1750601192059,79.2,6.948,buy,293633759
1750601192071,79.21,0.127,buy,293633760
1750601193135,79.2,0.256,sell,293633761
1750601196302,79.19,13.943,sell,293633762
1750601196497,79.18,0.127,sell,293633763
1750601196701,79.17,0.127,sell,293633764
1750601197389,79.16,0.197,sell,293633765
1750601197925,79.16,8.045,buy,293633766
1750601197972,79.17,0.222,buy,293633767
1750601198037,79.18,0.222,buy,293633768
1750601198037,79.19,0.984,buy,293633769
1750601198896,79.17,0.127,sell,293633770
1750601199231,79.16,0.127,sell,293633771
1750601199556,79.15,0.07,sell,293633772
1750601199842,79.15,1.708,buy,293633773
1750601200001,79.15,1.181,buy,293633774
1750601200006,79.15,1.385,buy,293633775
1750601200141,79.15,4.67,sell,293633776
1750601200705,79.14,0.197,sell,293633777
1750601201502,79.14,0.378,buy,293633778
1750601201747,79.14,3.294,buy,293633779
1750601201804,79.15,0.325,buy,293633780
1750601201819,79.16,3.218,buy,293633781
1750601201914,79.15,10.035,sell,293633782
1750601201914,79.15,13.417,sell,293633783
1750601201914,79.14,48.501,sell,293633784
1750601201914,79.14,1.406,sell,293633785
1750601201919,79.14,2.02,buy,293633786
1750601201924,79.13,4,sell,293633787
1750601202849,79.14,1.181,buy,293633788
1750601202875,79.14,1.181,buy,293633789
1750601202898,79.14,1.181,buy,293633790
1750601202923,79.14,1.181,buy,293633791
1750601202947,79.14,1.181,buy,293633792
1750601202969,79.14,1.181,buy,293633793
1750601202990,79.14,1.181,buy,293633794
1750601203010,79.14,1.181,buy,293633795
1750601203020,79.14,1.181,buy,293633796
1750601203034,79.14,1.181,buy,293633797
1750601203078,79.14,0.195,buy,293633798
1750601203492,79.15,0.387,buy,293633799
1750601204147,79.16,2.905,buy,293633800
1750601205285,79.16,17.995,sell,293633801
1750601205285,79.15,24.31,sell,293633802
1750601205293,79.14,6.214,sell,293633803
1750601205293,79.13,3.791,sell,293633804
1750601206025,79.13,0.079,sell,293633805
1750601207175,79.13,1.517,buy,293633806
1750601207467,79.13,2.523,buy,293633807
1750601207589,79.12,0.197,sell,293633808
1750601208368,79.11,1.264,sell,293633809
1750601209519,79.11,8.859,buy,293633810
1750601211464,79.11,7.648,buy,293633811
1750601214296,79.12,4.02,buy,293633812
1750601214297,79.12,0.061,buy,293633813
1750601214317,79.12,0.094,sell,293633814
1750601214363,79.13,1.68,buy,293633815
1750601214363,79.13,0.064,buy,293633816
1750601214439,79.14,0.959,buy,293633817
1750601215629,79.14,0.2,buy,293633818
1750601216190,79.13,0.695,sell,293633819
1750601216395,79.14,1.007,buy,293633820
1750601216577,79.15,0.452,buy,293633821
1750601216743,79.16,0.522,buy,293633822
1750601217778,79.17,0.452,buy,293633823
1750601217778,79.18,0.729,buy,293633824
1750601218460,79.18,0.325,buy,293633825
1750601218621,79.19,0.818,buy,293633826
1750601218893,79.2,0.522,buy,293633827
1750601219195,79.21,0.29,buy,293633828
1750601219197,79.21,0.162,buy,293633829
1750601219396,79.21,0.078,sell,293633830
1750601219409,79.22,0.582,buy,293633831
1750601219411,79.22,0.636,buy,293633832
1750601219907,79.23,0.795,buy,293633833
1750601220288,79.22,0.127,sell,293633834
1750601220358,79.21,11.868,sell,293633835
1750601220441,79.2,13.564,sell,293633836
1750601220489,79.19,0.222,sell,293633837
1750601220583,79.18,0.127,sell,293633838
1750601220731,79.18,1.693,buy,293633839
1750601220773,79.17,0.244,sell,293633840
1750601220925,79.16,0.127,sell,293633841
1750601221041,79.15,0.127,sell,293633842
1750601221892,79.15,0.116,buy,293633843
1750601222405,79.15,0.252,buy,293633844
1750601222441,79.15,0.525,buy,293633845
1750601223571,79.15,0.195,buy,293633846
1750601223915,79.16,1.489,buy,293633847
1750601224723,79.17,2.118,buy,293633848
1750601225428,79.18,11.144,buy,293633849
1750601225921,79.19,4.119,buy,293633850
1750601225965,79.19,1.587,sell,293633851
1750601226376,79.2,3.807,buy,293633852
1750601226412,79.21,19.727,buy,293633853
1750601226412,79.22,22.207,buy,293633854
1750601226412,79.23,13.066,buy,293633855
1750601226878,79.21,0.127,sell,293633856
1750601227047,79.21,1.697,buy,293633857
1750601227095,79.22,0.417,buy,293633858
1750601227740,79.21,0.127,sell,293633859
1750601228495,79.21,0.26,buy,293633860
1750601228522,79.22,0.387,buy,293633861
1750601230667,79.21,0.127,sell,293633862
1750601231715,79.22,0.999,buy,293633863
1750601232099,79.22,0.188,sell,293633864
1750601232309,79.21,0.127,sell,293633865
1750601234203,79.21,0.122,buy,293633866
1750601237027,79.21,0.108,sell,293633867
1750601237125,79.2,0.202,sell,293633868
1750601237652,79.19,0.127,sell,293633869
1750601238340,79.19,0.156,buy,293633870
1750601238846,79.2,1.653,buy,293633871
1750601238853,79.21,0.127,buy,293633872
1750601238916,79.22,1.256,buy,293633873
1750601240738,79.21,3.029,sell,293633874
1750601241899,79.21,0.62,sell,293633875
1750601243502,79.22,70.683,buy,293633876
1750601243502,79.22,21.488,buy,293633877
1750601243502,79.22,15.845,buy,293633878
1750601243730,79.23,0.322,buy,293633879
1750601243788,79.24,0.197,buy,293633880
1750601243876,79.25,0.683,buy,293633881
1750601245156,79.26,0.197,buy,293633882
1750601245232,79.27,0.127,buy,293633883
1750601246229,79.28,0.07,buy,293633884
1750601246241,79.29,1.181,buy,293633885
1750601247130,79.28,8.072,sell,293633886
1750601247219,79.28,0.222,sell,293633887
1750601247219,79.27,0.959,sell,293633888
1750601247326,79.27,0.092,sell,293633889
1750601247367,79.27,8.808,sell,293633890
1750601247632,79.26,0.127,sell,293633891
1750601247775,79.26,5,buy,293633892
1750601248306,79.26,4,sell,293633893
1750601250203,79.25,7.361,sell,293633894
1750601250347,79.24,0.127,sell,293633895
1750601251002,79.24,0.568,buy,293633896
1750601251470,79.23,0.127,sell,293633897
1750601251644,79.23,3.949,buy,293633898
1750601252053,79.22,4.217,sell,293633899
1750601252101,79.21,0.127,sell,293633900
1750601252448,79.2,0.127,sell,293633901
1750601255855,79.2,3.728,buy,293633902
1750601255855,79.2,7.684,buy,293633903
1750601255860,79.21,0.127,buy,293633904
1750601255916,79.22,1.181,buy,293633905
1750601258483,79.23,0.34,buy,293633906
1750601258664,79.24,2.038,buy,293633907
1750601259632,79.24,8.998,sell,293633908
1750601261066,79.23,0.164,buy,293633909
1750601261133,79.22,12.189,sell,293633910
1750601261698,79.2,0.127,sell,293633911
1750601261791,79.19,0.222,sell,293633912
1750601262502,79.18,25.307,sell,293633913
1750601262503,79.18,46.921,sell,293633914
1750601262505,79.17,0.127,sell,293633915
1750601262782,79.18,0.762,buy,293633916
1750601262934,79.18,5,buy,293633917
1750601264102,79.16,10.645,sell,293633918
1750601264893,79.16,4.379,buy,293633919
1750601265030,79.17,0.127,buy,293633920
1750601265612,79.17,0.105,sell,293633921
1750601266877,79.16,8.833,sell,293633922
1750601266882,79.15,0.127,sell,293633923
1750601267206,79.14,0.197,sell,293633924
1750601267208,79.13,0.127,sell,293633925
1750601267548,79.12,0.197,sell,293633926
1750601267549,79.11,0.127,sell,293633927
1750601267702,79.11,0.207,buy,293633928
1750601268338,79.11,1.643,buy,293633929
1750601268578,79.11,0.292,buy,293633930
1750601269003,79.11,1.181,buy,293633931
1750601269292,79.11,10.509,buy,293633932
1750601269292,79.11,2.299,buy,293633933
1750601269320,79.12,0.127,buy,293633934
1750601269793,79.12,0.399,buy,293633935
1750601270376,79.11,0.127,sell,293633936
1750601271214,79.11,4.8,buy,293633937
1750601271313,79.13,1.181,buy,293633938
1750601271545,79.13,0.507,buy,293633939
1750601272720,79.13,0.127,buy,293633940
1750601273303,79.14,0.127,buy,293633941
1750601273311,79.15,0.127,buy,293633942
1750601273935,79.15,3,sell,293633943
1750601274035,79.16,1.705,buy,293633944
1750601275877,79.16,12.235,sell,293633945
1750601275913,79.15,1.181,sell,293633946
1750601276779,79.16,0.325,buy,293633947
1750601276779,79.17,0.387,buy,293633948
1750601276974,79.17,0.965,sell,293633949
1750601278542,79.18,0.08,buy,293633950
1750601279051,79.18,0.372,buy,293633951
1750601279051,79.19,0.333,buy,293633952
1750601279567,79.18,22.714,sell,293633953
1750601279595,79.18,0.095,buy,293633954
1750601280127,79.18,0.26,buy,293633955
1750601280683,79.18,5.599,buy,293633956
1750601281107,79.18,0.344,buy,293633957
1750601281246,79.17,5.155,sell,293633958
1750601281272,79.16,0.988,sell,293633959
1750601281315,79.15,0.712,sell,293633960
1750601281754,79.16,0.42,buy,293633961
1750601282063,79.15,0.195,buy,293633962
1750601282269,79.16,3.169,buy,293633963
1750601282270,79.16,0.065,buy,293633964
1750601282274,79.17,0.452,buy,293633965
1750601282537,79.18,0.452,buy,293633966
1750601282556,79.19,0.39,buy,293633967
1750601282565,79.19,0.062,buy,293633968
1750601282625,79.2,0.36,buy,293633969
1750601282625,79.2,0.057,buy,293633970
1750601282625,79.21,1.879,buy,293633971
1750601282631,79.22,0.07,buy,293633972
1750601282730,79.22,4.295,buy,293633973
1750601284464,79.22,0.423,buy,293633974
1750601284669,79.22,0.13,buy,293633975
1750601284829,79.21,1.181,sell,293633976
1750601285040,79.2,0.095,sell,293633977
1750601285399,79.2,0.946,buy,293633978
1750601285891,79.2,0.96,buy,293633979
1750601285891,79.2,0.056,buy,293633980
1750601286507,79.21,0.387,buy,293633981
1750601286592,79.22,0.142,buy,293633982
1750601286887,79.22,0.31,buy,293633983
1750601287942,79.21,0.127,sell,293633984
1750601287943,79.2,0.127,sell,293633985
1750601288057,79.2,1.181,sell,293633986
1750601288304,79.21,1.018,buy,293633987
1750601290109,79.2,0.473,sell,293633988
1750601290445,79.19,0.127,sell,293633989
1750601290485,79.18,4.934,sell,293633990
1750601290582,79.17,0.222,sell,293633991
1750601290582,79.16,0.374,sell,293633992
1750601291069,79.17,0.195,buy,293633993
1750601291813,79.18,0.538,buy,293633994
1750601292886,79.18,0.195,buy,293633995
1750601292886,79.19,10.509,buy,293633996
1750601292886,79.2,14.549,buy,293633997
1750601293641,79.19,0.26,buy,293633998
1750601295745,79.2,0.589,buy,293633999
1750601295864,79.21,0.452,buy,293634000
1750601296309,79.22,0.337,buy,293634001
1750601296780,79.21,11.17,sell,293634002
1750601296819,79.2,1.131,sell,293634003
1750601297723,79.2,0.505,sell,293634004
1750601300042,79.21,0.325,buy,293634005
1750601301492,79.21,0.61,buy,293634006
1750601301709,79.21,0.26,buy,293634007
1750601303385,79.21,0.078,sell,293634008
1750601303609,79.2,0.195,sell,293634009
1750601304407,79.2,0.15,sell,293634010
1750601305478,79.21,0.92,buy,293634011
1750601305904,79.21,0.13,buy,293634012
1750601306066,79.21,4.605,sell,293634013
1750601307701,79.21,0.325,buy,293634014
1750601307732,79.22,0.377,buy,293634015
1750601307735,79.22,0.065,buy,293634016
1750601307803,79.23,0.56,buy,293634017
1750601308000,79.23,0.122,buy,293634018
1750601308000,79.24,0.244,buy,293634019
1750601308047,79.23,41.188,sell,293634020
1750601308047,79.22,54.598,sell,293634021
1750601308047,79.21,67.363,sell,293634022
1750601308047,79.2,71.918,sell,293634023
1750601308047,79.19,22.31,sell,293634024
1750601308092,79.21,11.278,buy,293634025
1750601308092,79.21,0.232,buy,293634026
1750601308100,79.22,0.195,buy,293634027
1750601308115,79.22,1.181,sell,293634028
1750601308276,79.23,0.13,buy,293634029
1750601308276,79.23,0.065,buy,293634030
1750601308285,79.24,31.115,buy,293634031
1750601308289,79.24,9.059,buy,293634032
1750601308492,79.25,0.392,buy,293634033
1750601308492,79.26,0.521,buy,293634034
1750601308492,79.27,14.189,buy,293634035
1750601308492,79.28,1.038,buy,293634036
1750601308495,79.27,1.262,sell,293634037
1750601308496,79.27,2.523,sell,293634038
1750601308496,79.27,1.14,sell,293634039
1750601308496,79.26,0.614,sell,293634040
1750601310601,79.27,14.461,buy,293634041
1750601310603,79.27,0.065,buy,293634042
1750601311519,79.28,0.087,buy,293634043
1750601312034,79.26,1.05,sell,293634044
1750601312901,79.27,10.123,buy,293634045
1750601312912,79.27,0.13,buy,293634046
1750601313200,79.27,0.211,sell,293634047
1750601313501,79.28,10.45,buy,293634048
1750601316396,79.26,0.281,sell,293634049
1750601316714,79.26,0.967,sell,293634050
1750601317454,79.26,8.993,sell,293634051
1750601317705,79.25,1.45,sell,293634052
1750601319364,79.25,0.195,buy,293634053
1750601322488,79.26,4.397,buy,293634054
1750601322489,79.26,0.065,buy,293634055
1750601322555,79.27,0.452,buy,293634056
1750601322974,79.28,0.387,buy,293634057
1750601322975,79.28,0.065,buy,293634058
1750601323034,79.29,1.181,buy,293634059
1750601324304,79.29,0.195,buy,293634060
1750601324518,79.29,0.13,buy,293634061
1750601324540,79.3,0.457,buy,293634062
1750601324578,79.3,0.13,buy,293634063
1750601325505,79.3,0.307,sell,293634064
1750601325542,79.3,0.778,sell,293634065
1750601326025,79.31,0.387,buy,293634066
1750601326025,79.32,0.163,buy,293634067
1750601327442,79.31,0.214,buy,293634068
1750601328057,79.31,0.13,buy,293634069
1750601328369,79.32,0.457,buy,293634070
1750601328378,79.32,0.13,buy,293634071
1750601328690,79.31,7.662,sell,293634072
1750601328766,79.3,0.303,sell,293634073
1750601328766,79.29,0.114,sell,293634074
1750601329380,79.3,0.195,buy,293634075
1750601329595,79.31,0.264,buy,293634076
1750601329966,79.31,0.322,buy,293634077
1750601329966,79.32,2.867,buy,293634078
1750601330873,79.31,0.255,sell,293634079
1750601331326,79.3,0.14,sell,293634080
1750601331883,79.3,2.8,sell,293634081
1750601332297,79.31,0.26,buy,293634082
1750601334249,79.31,1.181,sell,293634083
1750601334264,79.31,1.181,sell,293634084
1750601337042,79.32,0.452,buy,293634085
1750601337056,79.33,1.181,buy,293634086
1750601338151,79.32,13.05,sell,293634087
1750601338199,79.32,0.116,buy,293634088
1750601338215,79.31,1.181,sell,293634089
1750601338683,79.31,0.195,buy,293634090
1750601340809,79.32,0.387,buy,293634091
1750601340815,79.32,0.13,buy,293634092
1750601341052,79.33,0.705,buy,293634093
1750601342169,79.33,23.371,buy,293634094
1750601342269,79.34,0.425,buy,293634095
1750601342271,79.34,0.065,buy,293634096
1750601342989,79.34,11.026,sell,293634097
1750601342989,79.34,6.852,sell,293634098
1750601343031,79.33,2.362,sell,293634099
1750601343640,79.33,0.195,buy,293634100
1750601344263,79.33,30.626,sell,293634101
1750601344263,79.32,73.578,sell,293634102
1750601344263,79.31,0.556,sell,293634103
1750601344265,79.32,0.065,buy,293634104
1750601344374,79.33,0.26,buy,293634105
1750601344984,79.32,0.127,sell,293634106
1750601345341,79.32,0.26,buy,293634107
1750601345511,79.33,1.181,buy,293634108
1750601345789,79.33,0.195,buy,293634109
1750601346850,79.34,0.452,buy,293634110
1750601347208,79.34,0.297,sell,293634111
1750601347409,79.34,0.195,buy,293634112
1750601348143,79.33,4.223,sell,293634113
1750601348233,79.32,2.362,sell,293634114
1750601349781,79.33,1.019,buy,293634115
1750601350717,79.32,3.414,sell,293634116
1750601351567,79.31,0.127,sell,293634117
1750601353726,79.3,3.077,sell,293634118
1750601353729,79.29,0.127,sell,293634119
1750601354199,79.29,0.26,buy,293634120
1750601357979,79.29,1.538,sell,293634121
1750601358264,79.29,0.361,buy,293634122
1750601358331,79.28,0.139,sell,293634123
1750601360209,79.29,0.334,buy,293634124
1750601360211,79.29,0.065,buy,293634125
1750601360229,79.3,0.452,buy,293634126
1750601360317,79.31,0.729,buy,293634127
1750601360778,79.31,0.448,buy,293634128
1750601365988,79.32,0.387,buy,293634129
1750601365990,79.32,0.065,buy,293634130
1750601366037,79.33,1.181,buy,293634131
1750601366361,79.33,4.445,buy,293634132
1750601366361,79.33,16.875,buy,293634133
1750601366363,79.33,103.942,buy,293634134
1750601366363,79.33,0.065,buy,293634135
1750601366423,79.34,0.522,buy,293634136
1750601367068,79.35,0.522,buy,293634137
1750601367069,79.36,13.767,buy,293634138
1750601367073,79.37,27.265,buy,293634139
1750601367081,79.38,0.117,buy,293634140
1750601367207,79.38,2.362,buy,293634141
1750601367858,79.37,0.691,sell,293634142
1750601368165,79.37,0.195,buy,293634143
1750601368189,79.38,0.387,buy,293634144
1750601369605,79.39,0.452,buy,293634145
1750601370861,79.38,0.415,sell,293634146
1750601370897,79.37,0.127,sell,293634147
1750601370915,79.36,1.181,sell,293634148
1750601371010,79.35,8.856,sell,293634149
1750601371022,79.35,1.181,sell,293634150
1750601372297,79.36,0.26,buy,293634151
1750601372299,79.36,0.065,buy,293634152
1750601372712,79.37,0.258,buy,293634153
1750601372816,79.36,0.493,sell,293634154
1750601372936,79.35,1.869,sell,293634155
1750601373814,79.35,0.16,sell,293634156
1750601373902,79.36,0.141,buy,293634157
1750601374067,79.35,11.577,sell,293634158
1750601374171,79.34,1.181,sell,293634159
1750601376523,79.35,0.26,buy,293634160
1750601378251,79.36,0.18,buy,293634161
1750601378477,79.35,0.138,sell,293634162
1750601378780,79.34,0.127,sell,293634163
1750601378816,79.33,1.054,sell,293634164
1750601379089,79.33,3.1,sell,293634165
1750601379170,79.32,0.127,sell,293634166
1750601379170,79.31,1.054,sell,293634167
1750601380103,79.32,0.63,buy,293634168
1750601380269,79.32,0.788,buy,293634169
1750601381695,79.32,0.843,buy,293634170
1750601382065,79.33,0.452,buy,293634171
1750601382065,79.34,2.686,buy,293634172
1750601382118,79.34,4.902,buy,293634173
1750601382225,79.34,0.954,buy,293634174
1750601383232,79.34,1.1,buy,293634175
1750601383460,79.35,0.452,buy,293634176
1750601384599,79.36,0.452,buy,293634177
1750601384727,79.37,0.322,buy,293634178
1750601384730,79.37,0.13,buy,293634179
1750601386060,79.37,6.768,sell,293634180
1750601386061,79.36,0.222,sell,293634181
1750601386700,79.36,1.008,buy,293634182
1750601388057,79.35,0.089,sell,293634183
1750601388155,79.35,0.265,sell,293634184
1750601388264,79.34,0.127,sell,293634185
1750601388567,79.33,0.127,sell,293634186
1750601388572,79.32,28.628,sell,293634187
1750601388600,79.31,0.222,sell,293634188
1750601388600,79.3,6.083,sell,293634189
1750601388603,79.3,9.864,sell,293634190
1750601388603,79.29,0.228,sell,293634191
1750601388632,79.29,0.07,sell,293634192
1750601388701,79.3,0.195,buy,293634193
1750601389524,79.31,3.714,buy,293634194
1750601390060,79.31,0.387,buy,293634195
1750601390067,79.32,11.646,buy,293634196
1750601390103,79.33,0.547,buy,293634197
1750601390156,79.34,0.642,buy,293634198
1750601391461,79.34,2.133,buy,293634199
1750601393929,79.34,0.13,buy,293634200
1750601394260,79.35,0.452,buy,293634201
1750601395052,79.36,0.705,buy,293634202
1750601395055,79.36,0.13,buy,293634203
1750601396280,79.36,6.298,sell,293634204
1750601396342,79.36,0.578,buy,293634205
1750601397380,79.36,0.331,buy,293634206
1750601397380,79.37,0.021,buy,293634207
1750601399985,79.37,0.431,buy,293634208
1750601400043,79.38,0.522,buy,293634209
1750601400164,79.38,12.301,sell,293634210
1750601400167,79.38,1.225,sell,293634211
1750601400885,79.37,0.998,sell,293634212
1750601401462,79.36,6.636,sell,293634213
1750601401635,79.35,0.127,sell,293634214
1750601401685,79.34,0.317,sell,293634215
1750601403449,79.34,0.26,buy,293634216
1750601403990,79.35,0.452,buy,293634217
1750601403990,79.36,0.178,buy,293634218
1750601404507,79.34,15.868,sell,293634219
1750601408384,79.34,1.26,buy,293634220
1750601411098,79.34,0.063,buy,293634221
1750601414293,79.34,0.481,buy,293634222
1750601414365,79.35,0.452,buy,293634223
1750601415087,79.35,0.3,buy,293634224
1750601415087,79.35,0.058,buy,293634225
1750601415191,79.36,0.522,buy,293634226
1750601415349,79.37,0.562,buy,293634227
1750601415357,79.38,0.712,buy,293634228
1750601415726,79.39,0.452,buy,293634229
1750601420045,79.38,0.837,buy,293634230
1750601420901,79.38,10.671,buy,293634231
1750601421214,79.38,0.13,buy,293634232
1750601422500,79.39,0.617,buy,293634233
1750601422926,79.4,1.022,buy,293634234
1750601422979,79.41,0.452,buy,293634235
1750601423067,79.42,0.522,buy,293634236
1750601423523,79.43,0.386,buy,293634237
1750601423840,79.44,3.034,buy,293634238
1750601425271,79.44,0.69,buy,293634239
1750601425304,79.44,0.805,buy,293634240
1750601425314,79.44,0.68,buy,293634241
1750601425323,79.44,0.81,buy,293634242
1750601425325,79.44,0.608,buy,293634243
1750601425325,79.44,0.609,buy,293634244
1750601425325,79.44,0.609,buy,293634245
1750601425325,79.44,0.275,buy,293634246
1750601425505,79.45,0.328,buy,293634247
1750601425682,79.45,0.123,buy,293634248
1750601425682,79.46,0.356,buy,293634249
1750601425954,79.45,0.078,sell,293634250
1750601427039,79.45,0.125,sell,293634251
1750601427826,79.46,0.285,buy,293634252
1750601428565,79.45,0.443,buy,293634253
1750601428648,79.44,0.126,sell,293634254
1750601428889,79.42,0.126,sell,293634255
1750601429585,79.41,0.132,sell,293634256
1750601430949,79.42,0.3,buy,293634257
1750601430951,79.42,0.058,buy,293634258
1750601432174,79.42,0.387,sell,293634259
1750601432281,79.43,0.314,buy,293634260
1750601432614,79.43,0.072,buy,293634261
1750601433254,79.44,0.169,buy,293634262
1750601433694,79.44,1.569,buy,293634263
1750601434896,79.43,0.199,buy,293634264
1750601435291,79.43,1.284,buy,293634265
1750601435440,79.43,0.13,buy,293634266
1750601435440,79.44,0.13,buy,293634267
1750601436330,79.43,0.075,sell,293634268
1750601437656,79.42,0.126,sell,293634269
1750601438100,79.42,0.142,buy,293634270
1750601438523,79.41,0.127,sell,293634271
1750601438858,79.4,3.997,sell,293634272
1750601438913,79.39,1.76,sell,293634273
1750601440124,79.39,0.07,buy,293634274
1750601440439,79.38,0.08,sell,293634275
1750601441306,79.39,0.27,buy,293634276
1750601441306,79.39,0.063,buy,293634277
1750601441690,79.4,0.452,buy,293634278
1750601442206,79.41,0.452,buy,293634279
1750601442670,79.41,0.088,sell,293634280
1750601443129,79.4,8.798,sell,293634281
1750601443241,79.39,1.171,sell,293634282
1750601443635,79.4,0.11,buy,293634283
1750601444703,79.4,0.263,buy,293634284
1750601446169,79.39,11.862,sell,293634285
1750601446174,79.38,0.197,sell,293634286
1750601446217,79.37,1.181,sell,293634287
1750601446254,79.37,0.117,sell,293634288
1750601446255,79.38,0.208,buy,293634289
1750601447039,79.37,1.508,sell,293634290
1750601447170,79.37,1.644,sell,293634291
1750601447170,79.37,2.356,sell,293634292
1750601447256,79.36,0.127,sell,293634293
1750601448565,79.35,2.086,sell,293634294
1750601449057,79.34,0.197,sell,293634295
1750601449429,79.33,0.195,buy,293634296
1750601450443,79.33,0.26,buy,293634297
1750601451482,79.32,0.197,sell,293634298
1750601453571,79.32,0.162,buy,293634299
1750601453830,79.31,0.127,sell,293634300
1750601454593,79.31,15.939,buy,293634301
1750601454618,79.32,1,buy,293634302
1750601454655,79.32,10.283,buy,293634303
1750601455312,79.32,0.322,buy,293634304
1750601456244,79.32,0.26,buy,293634305
1750601456343,79.33,0.921,buy,293634306
1750601456913,79.33,0.388,buy,293634307
1750601457507,79.32,11.711,sell,293634308
1750601457508,79.32,2.79,sell,293634309
1750601457970,79.32,0.116,buy,293634310
1750601458044,79.32,0.083,buy,293634311
1750601458931,79.31,2.381,sell,293634312
1750601458931,79.3,7.478,sell,293634313
1750601460272,79.31,21.503,buy,293634314
1750601460272,79.32,13.158,buy,293634315
1750601460280,79.31,4.765,sell,293634316
1750601460284,79.3,5.602,sell,293634317
1750601460614,79.3,6.019,buy,293634318
1750601460615,79.3,0.065,buy,293634319
1750601460678,79.31,0.257,buy,293634320
1750601460784,79.31,0.13,buy,293634321
1750601460784,79.32,1.051,buy,293634322
1750601461697,79.31,0.567,buy,293634323
1750601461701,79.31,0.363,buy,293634324
1750601461740,79.3,0.879,sell,293634325
1750601461799,79.29,0.28,sell,293634326
1750601461808,79.28,0.28,sell,293634327
1750601462243,79.27,6.432,sell,293634328
1750601462656,79.26,0.07,sell,293634329
1750601462831,79.25,0.573,sell,293634330
1750601462867,79.24,0.197,sell,293634331
1750601462988,79.24,35.591,buy,293634332
1750601462989,79.25,15.762,buy,293634333
1750601462989,79.26,17.515,buy,293634334
1750601462989,79.27,17.419,buy,293634335
1750601462993,79.27,3.349,buy,293634336
1750601462993,79.28,2.959,buy,293634337
1750601462997,79.27,3.399,sell,293634338
1750601463018,79.28,1.181,buy,293634339
1750601463103,79.28,4,buy,293634340
1750601463772,79.28,0.764,buy,293634341
1750601463772,79.29,0.921,buy,293634342
1750601466744,79.29,0.325,buy,293634343
1750601466869,79.3,1.181,buy,293634344
1750601468418,79.3,0.279,buy,293634345
1750601468524,79.29,0.641,sell,293634346
1750601469755,79.29,0.705,buy,293634347
1750601469811,79.29,0.13,buy,293634348
1750601471217,79.3,0.582,buy,293634349
1750601471776,79.31,1.78,buy,293634350
1750601473404,79.31,3.314,buy,293634351
1750601473410,79.31,0.195,buy,293634352
1750601474160,79.31,1.388,sell,293634353
1750601474633,79.32,0.522,buy,293634354
1750601474736,79.33,0.387,buy,293634355
1750601474737,79.33,0.065,buy,293634356
1750601475407,79.33,0.422,buy,293634357
1750601475521,79.32,0.508,sell,293634358
1750601475572,79.33,0.195,buy,293634359
1750601475572,79.34,0.59,buy,293634360
1750601477790,79.33,6.6,sell,293634361
1750601477823,79.32,1.181,sell,293634362
1750601477965,79.32,2.192,sell,293634363
1750601478028,79.31,1.181,sell,293634364
1750601479507,79.31,1.312,buy,293634365
1750601480527,79.31,3.59,buy,293634366
1750601480813,79.3,4.427,sell,293634367
1750601480934,79.29,1.181,sell,293634368
1750601481060,79.29,0.083,sell,293634369
1750601484171,79.29,0.195,buy,293634370
1750601484502,79.29,0.073,sell,293634371
1750601485211,79.29,0.797,buy,293634372
1750601485533,79.28,0.127,sell,293634373
1750601485578,79.27,4.358,sell,293634374
1750601486098,79.27,0.396,buy,293634375
1750601486776,79.27,1.019,buy,293634376
1750601486778,79.27,0.065,buy,293634377
1750601486888,79.28,0.452,buy,293634378
1750601486888,79.29,3.333,buy,293634379
1750601487539,79.28,2.649,buy,293634380
1750601487975,79.28,0.843,buy,293634381
1750601488527,79.26,0.127,sell,293634382
1750601489916,79.25,1.01,sell,293634383
1750601490170,79.26,0.911,buy,293634384
1750601490192,79.27,2.874,buy,293634385
1750601491660,79.25,24.346,sell,293634386
1750601491981,79.24,0.127,sell,293634387
1750601493661,79.23,5.3,sell,293634388
1750601493663,79.23,0.403,sell,293634389
1750601493825,79.22,0.197,sell,293634390
1750601494441,79.21,0.127,sell,293634391
1750601494739,79.21,0.195,buy,293634392
1750601494837,79.22,2.651,buy,293634393
1750601494967,79.22,0.13,buy,293634394
1750601495053,79.23,3.787,buy,293634395
1750601495063,79.23,0.94,buy,293634396
1750601495196,79.23,0.221,buy,293634397
1750601495198,79.23,0.231,buy,293634398
1750601495884,79.24,1.49,buy,293634399
1750601497202,79.24,0.577,buy,293634400
1750601499180,79.24,0.183,buy,293634401
1750601499744,79.24,0.195,buy,293634402
1750601499871,79.25,0.632,buy,293634403
1750601499950,79.26,5,buy,293634404
1750601499953,79.26,0.13,buy,293634405
1750601500011,79.26,9.172,buy,293634406
1750601500474,79.26,0.195,buy,293634407
1750601500474,79.27,0.117,buy,293634408
1750601500544,79.26,0.357,sell,293634409
1750601501203,79.26,0.255,sell,293634410
1750601501280,79.26,0.26,buy,293634411
1750601501352,79.27,0.629,buy,293634412
1750601502036,79.27,0.155,sell,293634413
1750601502096,79.28,0.522,buy,293634414
1750601502548,79.28,3.785,buy,293634415
1750601504461,79.28,10.576,buy,293634416
1750601504568,79.27,0.729,sell,293634417
1750601505160,79.27,2.941,sell,293634418
1750601505583,79.26,1.388,sell,293634419
1750601505975,79.26,0.096,buy,293634420
1750601507148,79.25,0.299,sell,293634421
1750601507893,79.25,3.078,sell,293634422
1750601507929,79.24,0.127,sell,293634423
1750601507959,79.23,0.222,sell,293634424
1750601507981,79.23,0.726,sell,293634425
1750601508082,79.22,0.197,sell,293634426
1750601508082,79.21,2.805,sell,293634427
1750601508122,79.21,2.14,sell,293634428
1750601508866,79.21,0.479,buy,293634429
1750601508919,79.21,16.297,buy,293634430
1750601509755,79.21,0.511,buy,293634431
1750601509794,79.22,0.547,buy,293634432
1750601509794,79.23,12.074,buy,293634433
1750601509835,79.22,0.286,sell,293634434
1750601510101,79.23,0.387,buy,293634435
1750601510103,79.23,0.065,buy,293634436
1750601510109,79.24,1.181,buy,293634437
1750601510286,79.24,3.256,buy,293634438
1750601510295,79.24,0.219,buy,293634439
1750601510309,79.24,0.148,buy,293634440
1750601510326,79.24,0.216,buy,293634441
1750601510404,79.24,4.279,buy,293634442
1750601512178,79.24,0.808,sell,293634443
1750601512816,79.24,2.169,sell,293634444
1750601512987,79.23,1.181,sell,293634445
1750601513852,79.22,0.127,sell,293634446
1750601514657,79.21,0.995,sell,293634447
1750601514775,79.2,0.197,sell,293634448
1750601516044,79.19,0.127,sell,293634449
1750601516877,79.19,0.393,buy,293634450
1750601516905,79.19,0.384,buy,293634451
1750601517201,79.18,0.101,sell,293634452
1750601518027,79.18,0.211,sell,293634453
1750601518110,79.17,0.095,sell,293634454
1750601519092,79.17,0.8,buy,293634455
1750601519736,79.16,0.197,sell,293634456
1750601520778,79.15,0.5,sell,293634457
1750601520778,79.14,0.356,sell,293634458
1750601521138,79.14,0.26,buy,293634459
1750601521243,79.14,0.383,sell,293634460
1750601521250,79.14,0.383,sell,293634461
1750601521497,79.14,0.376,sell,293634462
1750601521504,79.15,0.452,buy,293634463
1750601521540,79.15,0.372,sell,293634464
1750601521994,79.15,0.195,buy,293634465
1750601521994,79.16,0.059,buy,293634466
1750601522138,79.16,0.328,buy,293634467
1750601522139,79.16,0.065,buy,293634468
1750601522235,79.16,0.618,sell,293634469
1750601522313,79.16,0.618,sell,293634470
1750601522499,79.17,4.201,buy,293634471
1750601522523,79.18,0.325,buy,293634472
1750601522641,79.19,0.452,buy,293634473
1750601522641,79.2,0.547,buy,293634474
1750601522641,79.21,1.148,buy,293634475
1750601522745,79.2,0.508,sell,293634476
1750601522748,79.2,0.508,sell,293634477
1750601523000,79.2,0.26,buy,293634478
1750601523349,79.21,0.452,buy,293634479
1750601523377,79.22,0.195,buy,293634480
1750601523919,79.23,0.452,buy,293634481
1750601524074,79.23,0.362,sell,293634482
1750601524084,79.23,0.362,sell,293634483
1750601524345,79.23,0.355,sell,293634484
1750601525224,79.21,0.127,sell,293634485
1750601525846,79.2,1.827,sell,293634486
1750601526703,79.21,0.126,buy,293634487
1750601527710,79.2,0.127,sell,293634488
1750601527793,79.19,0.379,sell,293634489
1750601528250,79.19,0.281,sell,293634490
1750601529000,79.18,4.527,sell,293634491
1750601529766,79.18,0.247,buy,293634492
1750601529924,79.17,0.974,sell,293634493
1750601530711,79.16,0.127,sell,293634494
1750601530880,79.16,0.195,buy,293634495
1750601530941,79.16,0.268,sell,293634496
1750601531293,79.15,0.265,sell,293634497
1750601533208,79.15,0.224,sell,293634498
1750601533208,79.14,0.154,sell,293634499
1750601533493,79.15,0.26,buy,293634500
1750601533612,79.15,0.649,sell,293634501
1750601534028,79.16,0.452,buy,293634502
1750601534357,79.16,0.618,sell,293634503
1750601534632,79.17,1.099,buy,293634504
1750601534931,79.16,0.269,sell,293634505
1750601534958,79.17,4.869,buy,293634506
1750601535451,79.17,0.13,buy,293634507
1750601535548,79.17,0.378,sell,293634508
1750601535947,79.17,0.365,sell,293634509
1750601535954,79.18,0.285,buy,293634510
1750601537047,79.16,1.506,sell,293634511
1750601537593,79.17,0.196,buy,293634512
1750601540051,79.16,0.705,buy,293634513
1750601540494,79.16,0.13,buy,293634514
1750601540542,79.16,0.504,sell,293634515
1750601541058,79.17,0.322,buy,293634516
1750601541134,79.17,0.699,sell,293634517
1750601541379,79.18,0.198,buy,293634518
1750601542485,79.16,0.457,sell,293634519
1750601542741,79.16,0.405,sell,293634520
1750601542995,79.15,0.308,sell,293634521
1750601543318,79.15,0.453,sell,293634522
1750601543406,79.16,0.26,buy,293634523
1750601543645,79.16,0.502,sell,293634524
1750601543875,79.17,0.387,buy,293634525
1750601543931,79.17,0.637,sell,293634526
1750601544203,79.17,0.281,sell,293634527
1750601544542,79.17,0.279,sell,293634528
1750601546220,79.16,0.254,sell,293634529
1750601546491,79.16,0.127,sell,293634530
1750601547574,79.15,0.127,sell,293634531
1750601547638,79.14,0.32,sell,293634532
1750601547640,79.14,0.043,sell,293634533
1750601548138,79.14,4.715,buy,293634534
1750601548505,79.14,0.89,buy,293634535
1750601548655,79.13,0.112,sell,293634536
1750601548811,79.14,10.031,buy,293634537
1750601549541,79.13,0.253,sell,293634538
1750601549573,79.14,5.895,buy,293634539
1750601549640,79.14,0.65,sell,293634540
1750601549669,79.15,7.669,buy,293634541
1750601549831,79.15,0.13,buy,293634542
1750601549930,79.15,0.455,sell,293634543
1750601549942,79.15,0.455,sell,293634544
1750601550240,79.15,0.39,sell,293634545
1750601550244,79.15,0.39,sell,293634546
1750601550571,79.16,0.452,buy,293634547
1750601550634,79.16,0.517,sell,293634548
1750601550642,79.16,0.517,sell,293634549
1750601552073,79.15,0.257,sell,293634550
1750601552073,79.15,0.257,sell,293634551
1750601552343,79.15,0.455,sell,293634552
1750601552345,79.15,0.455,sell,293634553
1750601552620,79.14,0.446,sell,293634554
1750601552631,79.14,0.446,sell,293634555
1750601554170,79.15,0.325,buy,293634556
1750601554335,79.15,0.393,sell,293634557
1750601554342,79.15,0.393,sell,293634558
1750601554581,79.15,0.386,sell,293634559
1750601554630,79.15,0.382,sell,293634560
1750601554844,79.15,0.274,sell,293634561
1750601555192,79.14,0.286,sell,293634562
1750601555194,79.14,0.286,sell,293634563
1750601555442,79.14,0.28,sell,293634564
1750601555511,79.14,0.28,sell,293634565
1750601555841,79.14,0.274,sell,293634566
1750601555843,79.14,0.274,sell,293634567
1750601556182,79.15,0.26,buy,293634568
1750601556238,79.15,0.265,sell,293634569
1750601556242,79.15,0.265,sell,293634570
1750601558939,79.14,0.127,sell,293634571
1750601559003,79.13,2.04,sell,293634572
1750601560656,79.13,0.127,sell,293634573
1750601560703,79.12,0.321,sell,293634574
1750601560711,79.12,0.321,sell,293634575
1750601560963,79.11,4.224,sell,293634576
1750601561023,79.1,0.542,sell,293634577
1750601561025,79.1,193.09,sell,293634578
1750601561775,79.1,0.116,buy,293634579
1750601562034,79.09,0.384,sell,293634580
1750601562400,79.1,0.25,buy,293634581
1750601562768,79.08,0.347,sell,293634582
1750601563043,79.08,1.624,sell,293634583
1750601563045,79.07,0.261,sell,293634584
1750601563171,79.07,1.131,sell,293634585
1750601564241,79.07,3.735,sell,293634586
1750601564242,79.06,0.197,sell,293634587
1750601564318,79.05,0.503,sell,293634588
1750601564318,79.04,0.678,sell,293634589
1750601564479,79.04,0.195,buy,293634590
1750601564544,79.04,0.279,sell,293634591
1750601564740,79.05,0.135,buy,293634592
1750601565189,79.05,2.575,buy,293634593
1750601566438,79.04,12.81,buy,293634594
1750601566439,79.04,5.585,buy,293634595
1750601566439,79.05,23.235,buy,293634596
1750601566439,79.06,20.678,buy,293634597
1750601566439,79.07,31.072,buy,293634598
1750601566440,79.06,22.198,sell,293634599
1750601566440,79.06,4.95,sell,293634600
1750601566778,79.05,1.181,buy,293634601
1750601566828,79.05,1.725,buy,293634602
1750601566917,79.06,1.181,buy,293634603
1750601567276,79.05,2,sell,293634604
1750601567863,79.06,0.13,buy,293634605
1750601568642,79.07,0.452,buy,293634606
1750601568711,79.08,0.265,buy,293634607
1750601568832,79.06,0.127,sell,293634608
1750601570223,79.06,1.181,buy,293634609
1750601570875,79.05,0.127,sell,293634610
1750601570889,79.04,1.181,sell,293634611
1750601570998,79.04,0.127,sell,293634612
1750601572142,79.04,0.152,buy,293634613
1750601573373,79.04,0.26,buy,293634614
1750601573403,79.05,1.375,buy,293634615
1750601576222,79.05,3.478,buy,293634616
1750601576225,79.05,0.13,buy,293634617
1750601576244,79.05,1.5,sell,293634618
1750601577104,79.05,0.23,sell,293634619
1750601578776,79.05,0.114,sell,293634620
1750601580322,79.05,0.996,buy,293634621
1750601580436,79.05,0.33,buy,293634622
1750601580814,79.05,0.195,buy,293634623
1750601581382,79.04,0.127,sell,293634624
1750601581388,79.03,0.272,sell,293634625
1750601582305,79.04,0.26,buy,293634626
1750601582305,79.05,0.63,buy,293634627
1750601582464,79.04,0.375,sell,293634628
1750601583639,79.04,0.56,sell,293634629
1750601584006,79.05,0.387,buy,293634630
1750601584022,79.06,1.181,buy,293634631
1750601584034,79.06,2.657,buy,293634632
1750601584437,79.06,1.122,buy,293634633
1750601584549,79.06,0.532,sell,293634634
1750601585960,79.05,0.127,sell,293634635
1750601585975,79.04,0.465,sell,293634636
1750601586105,79.04,0.37,sell,293634637
1750601586179,79.04,0.351,sell,293634638
1750601586374,79.05,0.268,buy,293634639
1750601586442,79.05,0.357,sell,293634640
1750601586458,79.06,0.322,buy,293634641
1750601586459,79.06,0.065,buy,293634642
1750601586744,79.06,0.44,sell,293634643
1750601587036,79.06,0.342,sell,293634644
1750601587346,79.06,0.495,sell,293634645
1750601587760,79.06,0.49,sell,293634646
1750601588263,79.06,0.485,sell,293634647
1750601588631,79.07,0.452,buy,293634648
1750601588755,79.07,0.549,sell,293634649
1750601589054,79.07,0.544,sell,293634650
1750601589354,79.07,0.538,sell,293634651
1750601589652,79.07,0.533,sell,293634652
1750601590256,79.07,0.291,sell,293634653
1750601590549,79.07,0.288,sell,293634654
1750601591139,79.07,0.286,sell,293634655
1750601592242,79.07,0.334,sell,293634656
1750601592403,79.08,0.522,buy,293634657
1750601592544,79.08,0.695,sell,293634658
1750601592837,79.08,0.512,sell,293634659
1750601593021,79.08,11.035,sell,293634660
1750601593022,79.08,0.806,sell,293634661
1750601593264,79.07,0.127,sell,293634662
1750601593264,79.06,0.184,sell,293634663
1750601594427,79.06,0.287,buy,293634664
1750601594616,79.05,0.544,sell,293634665
1750601594621,79.05,0.414,sell,293634666
1750601594792,79.04,0.127,sell,293634667
1750601595560,79.03,0.266,sell,293634668
1750601596063,79.04,0.705,buy,293634669
1750601596149,79.04,2.764,buy,293634670
1750601596800,79.03,0.316,sell,293634671
1750601597348,79.03,0.291,sell,293634672
1750601597643,79.03,0.288,sell,293634673
1750601598368,79.04,1.625,buy,293634674
1750601598761,79.04,8.765,buy,293634675
1750601598980,79.03,3.1,sell,293634676
1750601599816,79.02,0.269,sell,293634677
1750601600803,79.01,0.601,sell,293634678
1750601600950,79,0.27,sell,293634679
1750601600977,79,16.67,sell,293634680
1750601601280,78.99,0.25,sell,293634681
1750601601284,78.98,0.159,sell,293634682
1750601601470,78.97,5.896,sell,293634683
1750601601758,78.98,0.651,buy,293634684
1750601601796,78.98,0.13,buy,293634685
1750601601858,78.98,0.446,sell,293634686
1750601601992,78.99,0.452,buy,293634687
1750601602349,78.99,0.471,sell,293634688
1750601602512,79,0.452,buy,293634689
1750601602632,79,0.578,sell,293634690
1750601602934,79,0.508,sell,293634691
1750601603363,78.99,2.891,sell,293634692
1750601603667,79,0.195,buy,293634693
1750601603740,79,0.39,sell,293634694
1750601604043,79,0.408,sell,293634695
1750601604862,79,0.3,buy,293634696
1750601604882,78.99,0.491,sell,293634697
1750601605215,78.99,0.484,sell,293634698
1750601605538,78.99,0.518,sell,293634699
1750601606039,78.99,0.705,sell,293634700
1750601606332,78.99,0.506,sell,293634701
1750601606604,78.99,0.786,sell,293634702
1750601606712,78.99,0.686,sell,293634703
1750601606943,78.98,0.314,sell,293634704
1750601607419,78.99,0.195,buy,293634705
1750601607467,78.99,0.28,sell,293634706
1750601607944,78.99,12.48,sell,293634707
1750601609140,78.98,21.381,sell,293634708
1750601610037,78.97,0.127,sell,293634709
1750601610681,78.97,0.26,buy,293634710
1750601610992,78.98,0.325,buy,293634711
1750601610992,78.99,0.01,buy,293634712
1750601611581,78.99,0.619,buy,293634713
1750601612173,78.98,9.993,sell,293634714
1750601612240,78.98,3.799,buy,293634715
1750601613878,78.98,0.325,buy,293634716
1750601613938,78.99,0.3,buy,293634717
1750601614625,78.99,16.515,buy,293634718
1750601614625,79,2.907,buy,293634719
1750601616246,79,0.325,buy,293634720
1750601616442,79.01,0.309,buy,293634721
1750601616642,79.01,0.208,buy,293634722
1750601617343,79.01,0.195,buy,293634723
1750601619289,79,3.501,sell,293634724
1750601620269,79.01,0.325,buy,293634725
1750601620601,79.02,0.202,buy,293634726
1750601621906,79.02,0.32,buy,293634727
1750601622601,79.01,0.127,sell,293634728
1750601623592,79.01,2.42,buy,293634729
1750601623592,79.02,20.381,buy,293634730
1750601623749,79.02,0.452,buy,293634731
1750601624053,79.03,0.452,buy,293634732
1750601624184,79.04,0.522,buy,293634733
1750601624297,79.04,17.372,sell,293634734
1750601625396,79.03,1.434,sell,293634735
1750601625709,79.03,0.127,sell,293634736
1750601626503,79.03,18.442,buy,293634737
1750601626556,79.02,0.098,sell,293634738
1750601628258,79.03,1.417,buy,293634739
1750601628272,79.03,0.13,buy,293634740
1750601631021,79.03,0.064,sell,293634741
1750601631192,79.03,0.507,sell,293634742
1750601633494,79.03,64.398,sell,293634743
1750601633498,79.02,0.127,sell,293634744
1750601633698,79.02,0.202,buy,293634745
1750601634845,79.01,0.127,sell,293634746
1750601635146,79,0.127,sell,293634747
1750601636657,79,0.262,buy,293634748
1750601636671,79.01,0.195,buy,293634749
1750601636671,79.02,0.547,buy,293634750
1750601636879,79.02,1.4,buy,293634751
1750601637498,79.01,0.26,buy,293634752
1750601639446,79.02,0.336,buy,293634753
1750601641121,79.02,0.6,buy,293634754
1750601641393,79.02,0.195,buy,293634755
1750601641414,79.02,0.757,sell,293634756
1750601641483,79.02,0.419,sell,293634757
1750601641753,79.02,0.407,sell,293634758
1750601641889,79.02,5,sell,293634759
1750601642046,79.02,0.263,sell,293634760
1750601642102,79.02,0.599,buy,293634761
1750601642164,79.02,3.797,buy,293634762
1750601642471,79.02,0.195,buy,293634763
1750601642563,79.02,0.456,sell,293634764
1750601642847,79.02,0.299,sell,293634765
1750601643131,79.01,0.296,sell,293634766
1750601643355,79.01,0.127,sell,293634767
1750601643474,79,0.282,sell,293634768
1750601643848,79,0.26,buy,293634769
1750601643854,79,0.438,sell,293634770
1750601644940,79,0.311,sell,293634771
1750601645206,79,0.308,sell,293634772
1750601645565,79,0.305,sell,293634773
1750601645913,79,0.302,sell,293634774
1750601646243,79,0.299,sell,293634775
1750601646734,79,0.296,sell,293634776
1750601647747,79.01,3.165,buy,293634777
1750601648528,79,0.637,sell,293634778
1750601649196,79.01,0.22,buy,293634779
1750601649941,79.01,0.13,buy,293634780
1750601650134,79.01,0.399,sell,293634781
1750601650599,79,0.834,sell,293634782
1750601650627,79.01,1.028,buy,293634783
1750601651148,79.01,0.114,buy,293634784
1750601652266,79.01,0.287,buy,293634785
1750601653229,79,0.127,sell,293634786
1750601653261,78.99,0.463,sell,293634787
1750601653445,78.98,0.359,sell,293634788
1750601653840,78.98,0.307,sell,293634789
1750601654128,78.98,0.304,sell,293634790
1750601654439,78.98,0.774,sell,293634791
1750601654755,78.98,0.747,sell,293634792
1750601654810,78.99,1.002,buy,293634793
1750601657011,78.99,1.959,buy,293634794
1750601659048,78.97,0.305,sell,293634795
1750601659050,78.97,0.172,sell,293634796
1750601659279,78.97,0.195,buy,293634797
1750601659342,78.97,0.727,sell,293634798
1750601659631,78.97,0.721,sell,293634799
1750601660052,78.98,0.705,buy,293634800
1750601660141,78.97,0.859,sell,293634801
1750601660446,78.97,0.887,sell,293634802
1750601660732,78.97,0.848,sell,293634803
1750601661043,78.97,0.836,sell,293634804
1750601661339,78.97,0.828,sell,293634805
1750601661740,78.97,0.924,sell,293634806
1750601661885,78.98,0.322,buy,293634807
1750601661948,78.99,1.387,buy,293634808
1750601662034,78.98,74.956,sell,293634809
1750601662034,78.97,43.523,sell,293634810
1750601662034,78.96,67.79,sell,293634811
1750601662037,78.98,0.71,sell,293634812
1750601662364,78.98,22.901,sell,293634813
1750601662364,78.97,46.799,sell,293634814
1750601662444,78.98,0.348,sell,293634815
1750601662743,78.98,0.542,sell,293634816
1750601663023,78.98,0.473,sell,293634817
1750601663342,78.98,0.469,sell,293634818
1750601663749,78.98,0.464,sell,293634819
1750601663830,78.99,0.158,buy,293634820
1750601663997,78.98,0.459,sell,293634821
1750601664341,78.98,0.455,sell,293634822
1750601664638,78.98,0.45,sell,293634823
1750601664932,78.98,0.446,sell,293634824
1750601664938,78.99,0.431,buy,293634825
1750601665113,78.99,1.958,buy,293634826
1750601665243,78.98,0.307,sell,293634827
1750601665421,78.99,0.195,buy,293634828
1750601665533,78.99,0.366,sell,293634829
1750601665697,78.99,3.14,sell,293634830
1750601665778,79,0.141,buy,293634831
1750601665842,78.99,0.516,sell,293634832
1750601667624,79,0.249,buy,293634833
1750601667742,79,0.495,sell,293634834
1750601668002,79,0.494,sell,293634835
1750601668448,78.99,0.127,sell,293634836
1750601668593,78.98,0.127,sell,293634837
1750601668614,78.97,0.222,sell,293634838
1750601668650,78.96,0.31,sell,293634839
1750601668840,78.96,0.702,buy,293634840
1750601669247,78.95,0.106,sell,293634841
1750601669929,78.96,0.195,buy,293634842
1750601670067,78.95,1.3,sell,293634843
1750601671126,78.94,0.197,sell,293634844
1750601671130,78.93,10.688,sell,293634845
1750601671240,78.92,1.181,sell,293634846
1750601671262,78.92,5.353,sell,293634847
1750601671269,78.93,0.761,buy,293634848
1750601671786,78.92,5.6,buy,293634849
1750601671799,78.92,0.128,buy,293634850
1750601671899,78.93,5.664,buy,293634851
1750601671900,78.93,0.065,buy,293634852
1750601671952,78.93,0.999,sell,293634853
1750601672733,78.93,0.291,sell,293634854
1750601673040,78.93,0.288,sell,293634855
1750601673339,78.93,0.285,sell,293634856
1750601673631,78.93,0.557,sell,293634857
1750601673935,78.94,0.452,buy,293634858
1750601673935,78.95,0.452,buy,293634859
1750601673935,78.96,1.691,buy,293634860
1750601674041,78.95,0.677,sell,293634861
1750601674281,78.96,45.655,buy,293634862
1750601674281,78.97,17.665,buy,293634863
1750601674334,78.96,0.664,sell,293634864
1750601674473,78.96,0.069,sell,293634865
1750601674641,78.95,0.307,sell,293634866
1750601675000,78.95,3.299,sell,293634867
1750601675004,78.95,6.821,sell,293634868
1750601677114,78.94,0.127,sell,293634869
1750601677653,78.94,4.056,buy,293634870
1750601679180,78.93,0.127,sell,293634871
1750601680831,78.92,2.339,buy,293634872
1750601680955,78.91,0.078,sell,293634873
1750601681519,78.91,0.049,sell,293634874
1750601681625,78.91,0.26,buy,293634875
1750601682260,78.92,0.33,buy,293634876
1750601682261,78.92,0.057,buy,293634877
1750601682442,78.93,1.732,buy,293634878
1750601682624,78.93,0.13,buy,293634879
1750601683703,78.94,0.916,buy,293634880
1750601684379,78.94,0.466,buy,293634881
1750601684479,78.93,23.116,sell,293634882
1750601684479,78.92,26.884,sell,293634883
1750601684917,78.92,0.115,sell,293634884
1750601686080,78.93,0.127,buy,293634885
1750601687677,78.92,1.697,sell,293634886
1750601687961,78.93,0.539,buy,293634887
1750601697456,78.93,0.26,buy,293634888
1750601697518,78.94,1,buy,293634889
1750601698046,78.93,0.453,sell,293634890
1750601701342,78.94,0.082,buy,293634891
1750601701434,78.93,0.79,sell,293634892
1750601701745,78.93,0.46,sell,293634893
1750601702304,78.93,0.463,sell,293634894
1750601703342,78.94,0.26,buy,293634895
1750601703589,78.94,0.363,sell,293634896
1750601703775,78.95,0.395,buy,293634897
1750601703973,78.95,6.713,sell,293634898
1750601704026,78.95,0.5,sell,293634899
1750601704434,78.96,0.395,buy,293634900
1750601704560,78.96,0.741,sell,293634901
1750601704595,78.97,0.947,buy,293634902
1750601704770,78.96,0.26,sell,293634903
1750601704906,78.95,0.273,sell,293634904
1750601704917,78.96,0.26,buy,293634905
1750601705155,78.96,0.195,sell,293634906
1750601705235,78.95,0.858,sell,293634907
1750601706601,78.96,0.4,buy,293634908
1750601707040,78.96,0.455,buy,293634909
1750601707642,78.95,0.27,sell,293634910
1750601708242,78.95,0.292,sell,293634911
1750601708534,78.95,0.289,sell,293634912
1750601709140,78.95,0.286,sell,293634913
1750601709283,78.96,0.224,buy,293634914
1750601709365,78.96,0.166,buy,293634915
1750601709591,78.97,0.387,buy,293634916
1750601709650,78.97,0.36,sell,293634917
1750601709951,78.97,0.546,sell,293634918
1750601710360,78.97,0.355,sell,293634919
1750601711007,78.97,0.4,sell,293634920
1750601711042,78.97,0.621,sell,293634921
1750601711166,78.97,0.317,sell,293634922
1750601711528,78.97,0.258,sell,293634923
1750601711871,78.98,1.602,buy,293634924
1750601712446,78.97,0.336,sell,293634925
1750601714290,78.98,0.481,buy,293634926
1750601714825,78.98,0.195,buy,293634927
1750601714825,78.99,1.382,buy,293634928
1750601714946,78.99,0.923,buy,293634929
1750601714948,78.99,0.065,buy,293634930
1750601715141,79,0.715,buy,293634931
1750601715152,78.99,0.35,sell,293634932
1750601715315,79,0.13,buy,293634933
1750601715475,79.01,0.46,buy,293634934
1750601715477,79.01,0.062,buy,293634935
1750601715566,79.01,0.376,sell,293634936
1750601716001,79.02,10.45,buy,293634937
1750601716161,79.02,0.195,buy,293634938
1750601716332,79.02,0.328,sell,293634939
1750601716975,79.03,0.999,buy,293634940
1750601717356,79.03,0.13,buy,293634941
1750601718872,79.04,0.46,buy,293634942
1750601719600,79.04,0.13,buy,293634943
1750601720349,79.05,0.325,buy,293634944
1750601720526,79.05,0.378,sell,293634945
1750601720568,79.05,0.195,sell,293634946
1750601720810,79.04,0.325,sell,293634947
1750601720810,79.03,4.907,sell,293634948
1750601720921,79.02,2.362,sell,293634949
1750601720972,79.02,0.635,sell,293634950
1750601721001,79.03,2.682,buy,293634951
1750601721084,79.03,0.13,buy,293634952
1750601721119,79.04,0.482,buy,293634953
1750601721224,79.05,0.699,buy,293634954
1750601721258,79.05,0.286,buy,293634955
1750601721443,79.04,0.271,sell,293634956
1750601721631,79.05,0.777,buy,293634957
1750601721741,79.04,0.259,sell,293634958
1750601722006,79.04,0.257,sell,293634959
1750601722261,79.04,1.181,sell,293634960
1750601722354,79.04,0.195,sell,293634961
1750601722455,79.04,1.645,buy,293634962
1750601722665,79.04,0.195,buy,293634963
1750601723058,79.04,0.515,sell,293634964
1750601723740,79.04,0.275,sell,293634965
1750601725036,79.05,0.111,buy,293634966
1750601725582,79.05,0.366,buy,293634967
1750601726444,79.05,0.13,buy,293634968
1750601726540,79.05,0.425,sell,293634969
1750601727030,79.06,0.457,buy,293634970
1750601728054,79.06,0.705,buy,293634971
1750601732642,79.05,0.378,sell,293634972
1750601732933,79.05,0.546,sell,293634973
1750601733244,79.05,0.38,sell,293634974
1750601733431,79.05,0.13,sell,293634975
1750601734515,79.05,0.316,buy,293634976
1750601735057,79.04,0.335,sell,293634977
1750601735619,79.05,0.195,buy,293634978
1750601735643,79.05,0.374,sell,293634979
1750601735921,79.05,0.558,sell,293634980
1750601737057,79.06,4.63,buy,293634981
1750601738228,79.06,0.195,sell,293634982
1750601739021,79.05,0.39,sell,293634983
1750601739021,79.05,0.062,sell,293634984
1750601740703,79.05,13.409,buy,293634985
1750601740703,79.06,16.687,buy,293634986
1750601740802,79.05,1.958,sell,293634987
1750601740804,79.05,0.065,sell,293634988
1750601740877,79.05,0.195,buy,293634989
1750601741133,79.06,1.264,buy,293634990
1750601742387,79.06,0.211,buy,293634991
1750601745945,79.06,3.877,buy,293634992
1750601747377,79.06,2.244,buy,293634993
1750601747860,79.06,0.35,sell,293634994
1750601747866,79.06,0.063,sell,293634995
1750601751358,79.06,0.126,buy,293634996
1750601751764,79.06,1.563,buy,293634997
1750601753358,79.07,2.164,buy,293634998
1750601756049,79.06,23.131,sell,293634999
1750601756801,79.06,11.103,buy,293635000
1750601756802,79.06,15.961,buy,293635001
1750601759992,79.06,1.091,sell,293635002
1750601761318,79.06,1.472,sell,293635003
1750601761446,79.06,0.13,sell,293635004
1750601762479,79.06,17.583,buy,293635005
1750601762479,79.07,18.878,buy,293635006
1750601762585,79.06,0.195,sell,293635007
1750601763105,79.05,3.065,sell,293635008
1750601763254,79.04,0.291,sell,293635009
1750601763726,79.04,0.169,sell,293635010
1750601763766,79.03,0.287,sell,293635011
1750601764293,79.03,0.352,sell,293635012
1750601764536,79.03,0.452,sell,293635013
1750601764841,79.03,0.353,sell,293635014
1750601765142,79.03,0.276,sell,293635015
1750601765241,79.04,3.177,buy,293635016
1750601765300,79.04,8.537,buy,293635017
1750601765407,79.05,3.796,buy,293635018
1750601765606,79.05,0.572,buy,293635019
1750601765656,79.05,2.657,buy,293635020
1750601765890,79.05,0.387,buy,293635021
1750601765890,79.06,0.452,buy,293635022
1750601765964,79.06,0.629,sell,293635023
1750601766181,79.06,0.195,sell,293635024
1750601768202,79.05,0.26,sell,293635025
1750601768202,79.04,0.062,sell,293635026
1750601768484,79.04,2.32,sell,293635027
1750601768605,79.04,0.195,sell,293635028
1750601769706,79.03,0.446,sell,293635029
1750601769821,79.03,0.071,sell,293635030
1750601769850,79.03,1.082,buy,293635031
1750601771488,79.02,0.294,sell,293635032
1750601772072,79.02,0.291,sell,293635033
1750601772359,79.02,0.288,sell,293635034
1750601772714,79.02,0.285,sell,293635035
1750601773178,79.02,0.282,sell,293635036
1750601773547,79.02,0.379,sell,293635037
1750601773883,79.02,0.375,sell,293635038
1750601774072,79.03,0.26,buy,293635039
1750601774074,79.03,0.065,buy,293635040
1750601774379,79.03,0.099,sell,293635041
1750601774551,79.04,0.387,buy,293635042
1750601774557,79.03,34.663,sell,293635043
1750601774558,79.04,0.13,buy,293635044
1750601774645,79.05,0.452,buy,293635045
1750601774646,79.05,0.427,sell,293635046
1750601775496,79.06,0.387,buy,293635047
1750601775498,79.06,0.065,buy,293635048
1750601775804,79.06,0.57,sell,293635049
1750601776168,79.06,0.545,sell,293635050
1750601776446,79.06,0.462,sell,293635051
1750601776588,79.06,0.195,sell,293635052
1750601777123,79.06,0.26,sell,293635053
1750601777435,79.05,0.322,sell,293635054
1750601777733,79.05,0.382,sell,293635055
1750601777735,79.05,0.07,sell,293635056
1750601779204,79.05,0.26,buy,293635057
1750601779204,79.06,0.025,buy,293635058
1750601779333,79.05,0.455,sell,293635059
1750601779511,79.05,0.195,sell,293635060
1750601780496,79.05,0.094,buy,293635061
1750601780611,79.05,0.115,buy,293635062
1750601781613,79.04,0.324,sell,293635063
1750601782360,79.04,0.306,sell,293635064
1750601783602,79.04,0.484,sell,293635065
1750601783851,79.04,0.27,sell,293635066
1750601785800,79.05,0.078,buy,293635067
1750601787421,79.05,0.447,buy,293635068
1750601787542,79.05,0.332,sell,293635069
1750601787555,79.06,0.705,buy,293635070
1750601789455,79.06,0.121,buy,293635071
1750601789498,79.06,0.375,buy,293635072
1750601792518,79.05,1,sell,293635073
1750601793427,79.06,0.252,buy,293635074
1750601794359,79.05,0.45,sell,293635075
1750601797694,79.06,4.293,buy,293635076
1750601799742,79.05,0.26,sell,293635077
1750601801450,79.05,16.372,buy,293635078
1750601801824,79.05,0.949,buy,293635079
1750601802454,79.05,0.078,buy,293635080
1750601802950,79.04,0.26,sell,293635081
1750601805292,79.03,1.597,sell,293635082
1750601806158,79.03,0.11,sell,293635083
1750601807552,79.03,0.215,sell,293635084
1750601810515,79.03,8.988,buy,293635085
1750601810515,79.04,19.086,buy,293635086
1750601810892,79.04,0.263,buy,293635087
1750601812600,79.04,0.822,buy,293635088
1750601814367,79.04,1.165,sell,293635089
1750601814600,79.05,0.173,buy,293635090
1750601815510,79.05,0.977,buy,293635091
1750601815588,79.06,0.522,buy,293635092
1750601817341,79.06,0.607,sell,293635093
1750601820577,79.06,5.791,sell,293635094
1750601821548,79.06,0.923,sell,293635095
1750601822001,79.07,0.457,buy,293635096
1750601822002,79.07,0.065,buy,293635097
1750601822244,79.07,0.713,sell,293635098
1750601822676,79.07,1.606,sell,293635099
1750601822870,79.07,0.13,sell,293635100
1750601823162,79.06,71.794,sell,293635101
1750601823162,79.06,14.734,sell,293635102
1750601823163,79.06,6.954,sell,293635103
1750601823223,79.05,0.452,sell,293635104
1750601823223,79.04,0.699,sell,293635105
1750601823260,79.04,1.228,sell,293635106
1750601824167,79.05,0.107,buy,293635107
1750601824441,79.04,0.349,sell,293635108
1750601824485,79.05,19.984,buy,293635109
1750601824745,79.04,0.625,sell,293635110
1750601825134,79.04,0.554,sell,293635111
1750601825410,79.04,0.586,sell,293635112
1750601825719,79.04,0.13,sell,293635113
1750601825735,79.03,0.389,sell,293635114
1750601825955,79.03,1.142,sell,293635115
1750601826054,79.03,0.612,sell,293635116
1750601826333,79.03,0.698,sell,293635117
1750601826616,79.03,0.13,sell,293635118
1750601826631,79.02,0.698,sell,293635119
1750601826979,79.02,0.349,sell,293635120
1750601827336,79.02,0.346,sell,293635121
1750601827505,79.02,4.13,sell,293635122
1750601827549,79.01,0.395,sell,293635123
1750601827641,79,0.74,sell,293635124
1750601828144,79,0.527,sell,293635125
1750601828397,79,0.13,sell,293635126
1750601828905,79,1.138,buy,293635127
1750601829703,78.99,0.536,sell,293635128
1750601830038,78.99,0.341,sell,293635129
1750601830343,78.99,0.337,sell,293635130
1750601831073,78.99,0.26,sell,293635131
1750601831498,78.99,0.457,sell,293635132
1750601831808,78.99,0.385,sell,293635133
1750601832146,78.99,0.581,sell,293635134
1750601832446,78.99,0.575,sell,293635135
1750601832760,78.99,0.439,sell,293635136
1750601833144,78.99,0.543,sell,293635137
1750601833841,78.99,0.437,sell,293635138
1750601834474,78.99,0.385,sell,293635139
1750601834750,78.99,0.358,sell,293635140
1750601835216,78.99,0.13,sell,293635141
1750601835322,78.98,0.58,sell,293635142
1750601835706,78.98,0.13,sell,293635143
1750601836036,78.97,2.17,sell,293635144
1750601836183,78.96,0.382,sell,293635145
1750601836738,78.96,0.371,sell,293635146
1750601837023,78.96,0.13,sell,293635147
1750601837112,78.96,0.143,buy,293635148
1750601837136,78.95,10.445,sell,293635149
1750601837136,78.94,4.989,sell,293635150
1750601837140,78.93,0.07,sell,293635151
1750601837360,78.93,0.332,sell,293635152
1750601837485,78.94,0.468,buy,293635153
1750601837844,78.93,0.437,sell,293635154
1750601838144,78.93,0.432,sell,293635155
1750601838809,78.94,0.157,buy,293635156
1750601838840,78.93,0.428,sell,293635157
1750601839142,78.94,12.655,buy,293635158
1750601839142,78.94,10.019,buy,293635159
1750601839152,78.94,0.503,sell,293635160
1750601839221,78.95,0.325,buy,293635161
1750601839221,78.96,0.856,buy,293635162
1750601840423,78.96,1.456,buy,293635163
1750601840542,78.95,0.306,sell,293635164
1750601840842,78.95,0.303,sell,293635165
1750601841235,78.95,6.526,sell,293635166
1750601841248,78.94,0.482,sell,293635167
1750601841248,78.93,8.03,sell,293635168
1750601841252,78.93,2.133,sell,293635169
1750601841253,78.92,12.543,sell,293635170
1750601841253,78.92,18.208,sell,293635171
1750601841256,78.92,16.125,sell,293635172
1750601841256,78.92,1.875,sell,293635173
1750601841301,78.91,6.336,sell,293635174
1750601841432,78.91,0.615,sell,293635175
1750601841438,78.92,3.802,buy,293635176
1750601841497,78.92,1.77,buy,293635177
1750601841528,78.93,15.105,buy,293635178
1750601841531,78.93,6.611,buy,293635179
1750601842136,78.93,0.775,buy,293635180
1750601842161,78.93,0.407,sell,293635181
1750601842248,78.94,0.452,buy,293635182
1750601842265,78.95,1.181,buy,293635183
1750601842323,78.95,0.13,buy,293635184
1750601842829,78.95,0.185,sell,293635185
1750601843271,78.96,0.325,buy,293635186
1750601846480,78.97,2.415,buy,293635187
1750601846641,78.98,0.39,buy,293635188
1750601846644,78.98,0.062,buy,293635189
1750601847957,78.99,0.274,buy,293635190
1750601849910,78.98,0.131,sell,293635191
1750601850641,78.98,0.512,sell,293635192
1750601851057,78.99,1.544,buy,293635193
1750601851059,78.99,0.065,buy,293635194
1750601851212,79,1.181,buy,293635195
1750601851214,79,0.705,buy,293635196
1750601851369,79,1.317,buy,293635197
1750601852147,79,3.112,buy,293635198
1750601852265,79.01,1.181,buy,293635199
1750601852580,79.01,0.195,buy,293635200
1750601854295,79.02,1.265,buy,293635201
1750601854555,79.02,0.102,buy,293635202
1750601855100,79.02,3.248,buy,293635203
1750601855113,79.02,0.511,buy,293635204
1750601855124,79.02,0.801,buy,293635205
1750601856039,79.03,0.452,buy,293635206
1750601856116,79.04,0.395,buy,293635207
1750601856148,79.05,1.561,buy,293635208
1750601856203,79.05,0.13,buy,293635209
1750601856436,79.06,10.622,buy,293635210
1750601856458,79.07,0.322,buy,293635211
1750601856644,79.08,0.49,buy,293635212
1750601856682,79.08,0.127,buy,293635213
1750601856686,79.08,0.39,sell,293635214
1750601856686,79.08,1.606,sell,293635215
1750601856724,79.08,1.606,sell,293635216
1750601857251,79.08,0.18,sell,293635217
1750601857722,79.08,11.391,sell,293635218
1750601857776,79.08,1.181,sell,293635219
1750601857784,79.08,1.181,sell,293635220
1750601857795,79.08,1.181,sell,293635221
1750601857805,79.08,1.181,sell,293635222
1750601857817,79.08,1.181,sell,293635223
1750601857826,79.08,1.181,sell,293635224
1750601857835,79.08,0.378,sell,293635225
1750601857923,79.07,3.165,sell,293635226
1750601859155,79.07,1.181,sell,293635227
1750601859159,79.07,0.195,sell,293635228
1750601860228,79.06,0.452,sell,293635229
1750601860228,79.05,0.729,sell,293635230
1750601860704,79.05,0.084,sell,293635231
1750601861789,79.05,0.325,sell,293635232
1750601861789,79.04,0.452,sell,293635233
1750601861789,79.03,0.404,sell,293635234
1750601862790,79.04,0.457,buy,293635235
1750601863706,79.03,0.47,sell,293635236
1750601863708,79.03,0.056,sell,293635237
1750601863887,79.02,0.39,sell,293635238
1750601863887,79.02,0.062,sell,293635239
1750601863900,79.01,0.452,sell,293635240
1750601863900,79,0.729,sell,293635241
1750601863916,79,0.895,sell,293635242
1750601864122,79.01,0.195,buy,293635243
1750601871871,79.01,0.26,sell,293635244
1750601871872,79.01,0.065,sell,293635245
1750601871884,79,0.452,sell,293635246
1750601871917,78.99,0.729,sell,293635247
1750601872325,78.99,0.13,sell,293635248
1750601873404,78.99,28.709,buy,293635249
1750601876528,79,0.325,buy,293635250
1750601880658,79.01,3.858,buy,293635251
1750601880863,79.01,0.13,buy,293635252
1750601881527,79.01,0.263,sell,293635253
1750601881570,79.01,4.237,sell,293635254
1750601881879,79.01,0.569,buy,293635255
1750601882000,79,0.468,sell,293635256
1750601882001,79,0.09,sell,293635257
1750601883529,79,9.567,buy,293635258
1750601883677,79,0.315,sell,293635259
1750601883708,79.01,0.325,buy,293635260
1750601883708,79.02,1.885,buy,293635261
1750601884035,79.01,0.139,sell,293635262
1750601884204,79.01,0.54,sell,293635263
1750601884207,79.01,0.13,sell,293635264
1750601884643,79,0.216,sell,293635265
1750601884687,79,3.1,sell,293635266
1750601886646,79.01,0.101,buy,293635267
1750601886674,79,3.692,sell,293635268
1750601886705,79.01,0.956,buy,293635269
1750601887599,79.01,0.195,buy,293635270
1750601887765,79.01,0.466,sell,293635271
1750601888286,79.01,0.315,sell,293635272
1750601888628,79.01,0.39,sell,293635273
1750601889145,79.01,0.33,sell,293635274
1750601889611,79.01,0.999,buy,293635275
1750601890667,79.01,0.195,buy,293635276
1750601890891,79,0.813,sell,293635277
1750601892084,79,0.461,sell,293635278
1750601893147,79,0.279,sell,293635279
1750601893222,79.01,0.325,buy,293635280
1750601893693,79.01,0.269,sell,293635281
1750601894484,79,0.127,sell,293635282
1750601894560,79,0.633,buy,293635283
1750601895364,79,0.26,buy,293635284
1750601895445,79.01,0.387,buy,293635285
1750601895617,79.01,0.49,sell,293635286
1750601896122,79.01,0.255,sell,293635287
1750601897221,79,0.127,sell,293635288
1750601897266,78.99,0.454,sell,293635289
1750601898190,78.99,0.327,sell,293635290
1750601898268,78.98,1.181,sell,293635291
1750601898530,78.98,0.195,sell,293635292
1750601898534,78.97,0.323,sell,293635293
1750601900396,78.97,1.23,sell,293635294
1750601902550,78.97,0.195,sell,293635295
1750601902550,78.96,0.055,sell,293635296
1750601902944,78.96,0.263,sell,293635297
1750601903333,78.96,0.345,sell,293635298
1750601903993,78.96,0.195,sell,293635299
1750601904209,78.95,0.416,sell,293635300
