timestamp,price,quantity,side,tradeId
1750557607322,80.06,27.035,buy,293579670
1750557607323,80.06,0.065,buy,293579671
1750557608467,80.07,10.29,buy,293579672
1750557608469,80.07,0.06,buy,293579673
1750557608690,80.08,0.394,buy,293579674
1750557613288,80.08,34.435,sell,293579675
1750557613290,80.08,14.215,sell,293579676
1750557613291,80.08,3.121,sell,293579677
1750557613310,80.08,1.214,buy,293579678
1750557613595,80.08,0.576,buy,293579679
1750557613754,80.08,0.26,buy,293579680
1750557615323,80.09,10.419,buy,293579681
1750557615323,80.1,11.372,buy,293579682
1750557615323,80.11,1.531,buy,293579683
1750557615591,80.1,0.195,buy,293579684
1750557617857,80.11,0.125,buy,293579685
1750557618475,80.11,10.229,buy,293579686
1750557619180,80.11,1.044,buy,293579687
1750557619182,80.11,0.137,buy,293579688
1750557622768,80.11,0.959,buy,293579689
1750557628095,80.11,0.231,buy,293579690
1750557631363,80.1,0.075,sell,293579691
1750557633408,80.1,0.999,sell,293579692
1750557636278,80.1,0.185,sell,293579693
1750557637165,80.1,0.627,sell,293579694
1750557641878,80.11,2.495,buy,293579695
1750557644238,80.11,0.311,buy,293579696
1750557654465,80.11,0.077,buy,293579697
1750557661698,80.11,20.746,buy,293579698
1750557661698,80.12,31.983,buy,293579699
1750557663245,80.12,10.343,buy,293579700
1750557663885,80.12,15.945,sell,293579701
1750557664290,80.12,0.1,buy,293579702
1750557664365,80.12,0.124,buy,293579703
1750557665115,80.11,0.819,sell,293579704
1750557665119,80.11,0.608,buy,293579705
1750557665388,80.1,0.623,sell,293579706
1750557665390,80.09,2.398,sell,293579707
1750557667770,80.08,23.52,sell,293579708
1750557667770,80.07,26.058,sell,293579709
1750557667770,80.06,49.017,sell,293579710
1750557670238,80.07,0.149,buy,293579711
1750557672401,80.07,10.16,buy,293579712
1750557672593,80.08,0.624,buy,293579713
1750557673872,80.08,0.25,buy,293579714
1750557676505,80.08,0.624,buy,293579715
1750557682745,80.08,9.606,buy,293579716
1750557682914,80.08,53.301,sell,293579717
1750557690828,80.09,0.54,buy,293579718
1750557701758,80.09,0.175,buy,293579719
1750557705356,80.09,9.908,buy,293579720
1750557707278,80.09,2.097,sell,293579721
1750557710959,80.1,0.14,buy,293579722
1750557714344,80.09,13.381,sell,293579723
1750557714356,80.08,15.555,sell,293579724
1750557717137,80.08,6.947,buy,293579725
1750557717185,80.08,0.131,buy,293579726
1750557718225,80.08,3.199,buy,293579727
1750557718239,80.08,0.765,buy,293579728
1750557718242,80.08,0.191,buy,293579729
1750557718274,80.08,0.405,buy,293579730
1750557718292,80.08,0.222,buy,293579731
1750557718306,80.08,0.178,buy,293579732
1750557718312,80.08,5.456,buy,293579733
1750557720025,80.09,0.45,buy,293579734
1750557720025,80.1,0.726,buy,293579735
1750557726684,80.1,3.201,buy,293579736
1750557727776,80.1,1.373,buy,293579737
1750557728121,80.1,1.405,buy,293579738
1750557728164,80.1,1.181,buy,293579739
1750557728260,80.1,1.181,buy,293579740
1750557728860,80.1,1.181,buy,293579741
1750557728883,80.1,0.768,buy,293579742
1750557731901,80.11,10.761,buy,293579743
1750557731902,80.11,0.065,buy,293579744
1750557732113,80.12,0.519,buy,293579745
1750557732113,80.13,1.075,buy,293579746
1750557732606,80.13,20.87,buy,293579747
1750557732610,80.13,0.13,buy,293579748
1750557734220,80.14,1.181,buy,293579749
1750557735299,80.14,0.119,buy,293579750
1750557737425,80.14,10.23,buy,293579751
1750557737429,80.14,0.129,buy,293579752
1750557737756,80.15,0.33,buy,293579753
1750557737758,80.15,0.064,buy,293579754
1750557737778,80.16,0.519,buy,293579755
1750557739830,80.17,10.354,buy,293579756
1750557739830,80.17,0.065,buy,293579757
1750557739974,80.18,0.519,buy,293579758
1750557739974,80.19,0.517,buy,293579759
1750557740933,80.18,0.125,sell,293579760
1750557741820,80.18,1.354,buy,293579761
1750557741875,80.18,0.13,buy,293579762
1750557743076,80.19,6.514,buy,293579763
1750557743076,80.19,3.771,buy,293579764
1750557744772,80.2,1.181,buy,293579765
1750557744792,80.2,1.181,buy,293579766
1750557744810,80.2,1.181,buy,293579767
1750557744830,80.2,1.181,buy,293579768
1750557744851,80.2,1.181,buy,293579769
1750557744904,80.2,0.623,buy,293579770
1750557744931,80.2,1.181,buy,293579771
1750557744951,80.2,1.181,buy,293579772
1750557744972,80.2,1.181,buy,293579773
1750557744991,80.2,1.181,buy,293579774
1750557745011,80.2,0.709,buy,293579775
1750557747357,80.21,0.933,buy,293579776
1750557749055,80.21,0.137,buy,293579777
1750557750828,80.21,0.628,buy,293579778
1750557754921,80.21,0.223,buy,293579779
1750557755614,80.21,8.563,buy,293579780
1750557755721,80.22,1.653,buy,293579781
1750557756768,80.22,1.181,buy,293579782
1750557756790,80.22,1.181,buy,293579783
1750557756806,80.21,0.101,sell,293579784
1750557756810,80.22,1.181,buy,293579785
1750557757931,80.22,1.181,buy,293579786
1750557757952,80.22,1.181,buy,293579787
1750557757972,80.22,1.181,buy,293579788
1750557761565,80.21,1.463,sell,293579789
1750557761567,80.2,4.891,sell,293579790
1750557761570,80.2,0.597,buy,293579791
1750557761585,80.19,0.219,sell,293579792
1750557766018,80.19,1.408,buy,293579793
1750557766434,80.18,0.158,sell,293579794
1750557771735,80.18,0.574,sell,293579795
1750557774040,80.19,8.947,buy,293579796
1750557774113,80.2,0.726,buy,293579797
1750557774130,80.2,2.362,buy,293579798
1750557774564,80.19,16.111,sell,293579799
1750557775011,80.19,0.995,sell,293579800
1750557779583,80.2,0.311,buy,293579801
1750557780097,80.19,13.806,sell,293579802
1750557780508,80.19,1.068,sell,293579803
1750557781693,80.18,0.749,sell,293579804
1750557781709,80.17,0.288,sell,293579805
1750557783095,80.17,0.441,buy,293579806
1750557783115,80.18,0.74,buy,293579807
1750557786882,80.18,1.181,buy,293579808
1750557800940,80.18,0.149,buy,293579809
1750557801603,80.18,9.195,buy,293579810
1750557801888,80.19,1.181,buy,293579811
1750557801916,80.19,1.181,buy,293579812
1750557801965,80.19,1.181,buy,293579813
1750557802273,80.19,6.872,buy,293579814
1750557803251,80.2,0.519,buy,293579815
1750557803316,80.21,1.843,buy,293579816
1750557803675,80.21,0.13,buy,293579817
1750557808851,80.22,10.36,buy,293579818
1750557808852,80.22,0.059,buy,293579819
1750557808954,80.23,2.362,buy,293579820
1750557810400,80.22,0.097,buy,293579821
1750557817580,80.22,0.26,buy,293579822
1750557822676,80.23,8.377,buy,293579823
1750557822688,80.24,4.856,buy,293579824
1750557822755,80.25,1.657,buy,293579825
1750557822896,80.25,10.047,buy,293579826
1750557822898,80.25,0.065,buy,293579827
1750557824242,80.26,0.519,buy,293579828
1750557824242,80.27,0.662,buy,293579829
1750557825015,80.27,0.394,buy,293579830
1750557825015,80.28,0.787,buy,293579831
1750557827315,80.28,10.229,buy,293579832
1750557827315,80.28,0.065,buy,293579833
1750557827319,80.29,11.704,buy,293579834
1750557827319,80.29,0.065,buy,293579835
1750557827332,80.3,11.926,buy,293579836
1750557827554,80.31,8.864,buy,293579837
1750557828688,80.31,11.445,buy,293579838
1750557833862,80.32,1,buy,293579839
1750557834916,80.32,0.268,buy,293579840
1750557835914,80.32,0.141,buy,293579841
1750557835989,80.32,1.181,buy,293579842
1750557836547,80.32,1.181,buy,293579843
1750557836609,80.32,1.181,buy,293579844
1750557836842,80.32,1.181,buy,293579845
1750557836914,80.32,1.181,buy,293579846
1750557836936,80.32,1.181,buy,293579847
1750557837407,80.32,1.181,buy,293579848
1750557837418,80.32,1.181,buy,293579849
1750557837419,80.32,0.173,buy,293579850
1750557837536,80.33,1.181,buy,293579851
1750557838623,80.33,1.181,buy,293579852
1750557838857,80.33,1.181,buy,293579853
1750557838904,80.33,1.233,buy,293579854
1750557839135,80.33,1.181,buy,293579855
1750557839152,80.33,1.181,buy,293579856
1750557839175,80.33,1.181,buy,293579857
1750557839177,80.33,3.152,buy,293579858
1750557839679,80.34,0.394,buy,293579859
1750557839767,80.35,0.787,buy,293579860
1750557839804,80.35,0.325,buy,293579861
1750557839817,80.36,0.856,buy,293579862
1750557840205,80.36,0.519,buy,293579863
1750557840583,80.37,0.385,buy,293579864
1750557840915,80.38,0.639,buy,293579865
1750557840917,80.38,0.065,buy,293579866
1750557841143,80.39,0.928,buy,293579867
1750557843208,80.39,1.843,buy,293579868
1750557843222,80.39,1.181,buy,293579869
1750557845201,80.38,11.976,sell,293579870
1750557845206,80.38,0.547,buy,293579871
1750557845356,80.36,0.188,sell,293579872
1750557846200,80.36,0.195,buy,293579873
1750557846562,80.36,3.964,buy,293579874
1750557847800,80.36,0.195,buy,293579875
1750557850504,80.37,10.542,buy,293579876
1750557850504,80.37,0.065,buy,293579877
1750557854393,80.38,0.668,buy,293579878
1750557857245,80.38,3.17,buy,293579879
1750557857255,80.38,1.181,buy,293579880
1750557857257,80.38,0.153,buy,293579881
1750557857265,80.38,1.181,buy,293579882
1750557857268,80.38,0.138,buy,293579883
1750557857280,80.38,0.705,buy,293579884
1750557857281,80.38,0.563,buy,293579885
1750557857282,80.38,0.169,buy,293579886
1750557857282,80.38,0.618,buy,293579887
1750557857282,80.38,1.934,buy,293579888
1750557857318,80.39,0.45,buy,293579889
1750557857318,80.4,0.731,buy,293579890
1750557858943,80.4,2,buy,293579891
1750557859527,80.39,11.855,sell,293579892
1750557859960,80.39,33.778,buy,293579893
1750557859960,80.4,52.273,buy,293579894
1750557859960,80.41,43.933,buy,293579895
1750557859960,80.42,46.6,buy,293579896
1750557859960,80.43,50.032,buy,293579897
1750557859963,80.43,0.069,buy,293579898
1750557859963,80.43,4,buy,293579899
1750557859964,80.42,4.815,sell,293579900
1750557859968,80.42,6.22,buy,293579901
1750557860017,80.42,1.013,buy,293579902
1750557861019,80.4,0.125,sell,293579903
1750557863055,80.4,0.124,buy,293579904
1750557866416,80.4,0.195,buy,293579905
1750557866542,80.41,0.153,buy,293579906
1750557873031,80.41,9.993,buy,293579907
1750557873035,80.41,0.232,buy,293579908
1750557873145,80.42,1.181,buy,293579909
1750557874253,80.42,0.621,buy,293579910
1750557875770,80.42,5.107,buy,293579911
1750557875772,80.42,3.642,buy,293579912
1750557875837,80.43,0.45,buy,293579913
1750557875921,80.44,0.731,buy,293579914
1750557876956,80.44,0.475,buy,293579915
1750557878939,80.44,20.463,buy,293579916
1750557880424,80.45,0.186,buy,293579917
1750557881610,80.45,0.176,buy,293579918
1750557890021,80.45,10.083,buy,293579919
1750557890021,80.45,0.065,buy,293579920
1750557890083,80.46,10.229,buy,293579921
1750557890109,80.46,0.13,buy,293579922
1750557890126,80.47,0.544,buy,293579923
1750557890126,80.48,0.637,buy,293579924
1750557890444,80.47,4.417,sell,293579925
1750557892161,80.48,1.181,buy,293579926
1750557892162,80.48,0.264,buy,293579927
1750557892848,80.48,0.124,sell,293579928
1750557892856,80.49,0.26,buy,293579929
1750557892970,80.49,0.13,buy,293579930
1750557892970,80.5,0.706,buy,293579931
1750557892970,80.51,0.101,buy,293579932
1750557894144,80.51,11.692,buy,293579933
1750557894144,80.51,0.065,buy,293579934
1750557894869,80.52,0.126,buy,293579935
1750557894956,80.51,20.026,sell,293579936
1750557895100,80.5,3.107,sell,293579937
1750557895105,80.5,1.201,buy,293579938
1750557895108,80.49,0.125,sell,293579939
1750557895975,80.48,0.125,sell,293579940
1750557896256,80.47,0.125,sell,293579941
1750557896416,80.47,1.432,buy,293579942
1750557897168,80.47,10.095,buy,293579943
1750557897168,80.47,0.065,buy,293579944
1750557898025,80.48,0.325,buy,293579945
1750557898025,80.49,0.45,buy,293579946
1750557898115,80.5,1.562,buy,293579947
1750557898746,80.5,0.45,buy,293579948
1750557899257,80.51,0.504,buy,293579949
1750557899258,80.51,0.065,buy,293579950
1750557901492,80.52,3.142,buy,293579951
1750557901502,80.52,0.137,buy,293579952
1750557901514,80.52,0.239,buy,293579953
1750557901548,80.52,0.419,buy,293579954
1750557901577,80.52,0.288,buy,293579955
1750557901602,80.52,0.304,buy,293579956
1750557901607,80.52,5.955,buy,293579957
1750557906101,80.53,10.465,buy,293579958
1750557906103,80.53,0.065,buy,293579959
1750557907308,80.54,0.394,buy,293579960
1750557907308,80.55,0.45,buy,293579961
1750557907308,80.56,4.999,buy,293579962
1750557909346,80.55,2.532,sell,293579963
1750557909631,80.55,0.205,sell,293579964
1750557909668,80.55,24.564,sell,293579965
1750557909906,80.54,0.923,sell,293579966
1750557909956,80.53,0.125,sell,293579967
1750557910177,80.52,0.123,sell,293579968
1750557910566,80.52,0.125,sell,293579969
1750557912636,80.52,0.583,buy,293579970
1750557915243,80.51,2.132,sell,293579971
1750557916743,80.52,11.152,buy,293579972
1750557916745,80.52,0.065,buy,293579973
1750557918407,80.53,16.875,buy,293579974
1750557918410,80.53,32.491,buy,293579975
1750557918411,80.53,0.13,buy,293579976
1750557919100,80.54,0.325,buy,293579977
1750557919100,80.55,4.622,buy,293579978
1750557919100,80.56,24.187,buy,293579979
1750557919100,80.57,28.57,buy,293579980
1750557919100,80.58,74.077,buy,293579981
1750557919100,80.59,88.948,buy,293579982
1750557919100,80.6,174.957,buy,293579983
1750557919100,80.61,6.6,buy,293579984
1750557919104,80.59,0.069,buy,293579985
1750557919216,80.59,1.181,buy,293579986
1750557921439,80.59,0.251,buy,293579987
1750557923849,80.59,1.181,buy,293579988
1750557925401,80.59,3.252,buy,293579989
1750557925421,80.59,0.253,buy,293579990
1750557925440,80.59,0.233,buy,293579991
1750557925451,80.59,0.301,buy,293579992
1750557925463,80.59,0.158,buy,293579993
1750557925485,80.59,0.268,buy,293579994
1750557925501,80.59,0.197,buy,293579995
1750557925511,80.59,4.53,buy,293579996
1750557925673,80.6,10.285,buy,293579997
1750557925673,80.6,0.065,buy,293579998
1750557925741,80.61,0.45,buy,293579999
1750557925741,80.62,0.968,buy,293580000
1750557925741,80.62,1.418,buy,293580001
1750557925741,80.62,1.418,buy,293580002
1750557925742,80.62,0.705,buy,293580003
1750557925742,80.63,0.713,buy,293580004
1750557925743,80.63,1.418,buy,293580005
1750557928275,80.61,0.125,sell,293580006
1750557930085,80.6,0.125,sell,293580007
1750557931645,80.59,15.125,sell,293580008
1750557932513,80.58,15.125,sell,293580009
1750557935553,80.57,29.229,sell,293580010
1750557935638,80.56,0.163,sell,293580011
1750557940039,80.55,15,sell,293580012
1750557941497,80.54,0.125,sell,293580013
1750557942179,80.54,0.633,buy,293580014
1750557943348,80.54,0.31,buy,293580015
1750557945203,80.54,0.65,buy,293580016
1750557947601,80.53,17.185,sell,293580017
1750557955069,80.53,0.387,buy,293580018
1750557956168,80.52,19.194,sell,293580019
1750557956236,80.51,0.219,sell,293580020
1750557956400,80.5,15.507,sell,293580021
1750557956479,80.49,0.288,sell,293580022
1750557956800,80.48,0.194,sell,293580023
1750557957519,80.47,1.809,sell,293580024
1750557957657,80.46,0.194,sell,293580025
1750557957843,80.45,3.085,sell,293580026
1750557957954,80.44,0.257,sell,293580027
1750557959151,80.44,0.26,buy,293580028
1750557959603,80.44,0.104,sell,293580029
1750557960072,80.43,0.125,sell,293580030
1750557960072,80.42,4.814,sell,293580031
1750557960269,80.42,0.26,buy,293580032
1750557960731,80.42,0.237,buy,293580033
1750557960846,80.42,0.195,buy,293580034
1750557961597,80.43,0.437,buy,293580035
1750557961743,80.43,0.078,buy,293580036
1750557961970,80.44,1.774,buy,293580037
1750557962017,80.44,9.886,buy,293580038
1750557962019,80.44,0.065,buy,293580039
1750557962179,80.45,3.543,buy,293580040
1750557963106,80.45,0.13,buy,293580041
1750557963124,80.46,0.45,buy,293580042
1750557963124,80.47,0.731,buy,293580043
1750557965519,80.46,1.181,buy,293580044
1750557965925,80.46,0.195,buy,293580045
1750557967296,80.46,20,sell,293580046
1750557969900,80.46,0.26,buy,293580047
1750557970182,80.46,0.179,sell,293580048
1750557973860,80.47,10.285,buy,293580049
1750557973862,80.47,0.065,buy,293580050
1750557974049,80.47,3.7,sell,293580051
1750557974301,80.47,13.993,sell,293580052
1750557977656,80.46,6.763,sell,293580053
1750557977675,80.45,0.219,sell,293580054
1750557979504,80.44,0.829,sell,293580055
1750557979744,80.43,0.125,sell,293580056
1750557979779,80.42,0.382,sell,293580057
1750557980342,80.41,0.125,sell,293580058
1750557980856,80.4,0.194,sell,293580059
1750557980890,80.39,0.219,sell,293580060
1750557982040,80.38,0.194,sell,293580061
1750557982040,80.37,0.007,sell,293580062
1750557982880,80.37,0.118,sell,293580063
1750557982970,80.36,0.288,sell,293580064
1750557982983,80.35,0.1,sell,293580065
1750557983064,80.35,0.119,sell,293580066
1750557983518,80.35,0.195,buy,293580067
1750557984201,80.35,17.923,sell,293580068
1750557984615,80.34,0.194,sell,293580069
1750557985189,80.34,2.525,buy,293580070
1750557985444,80.33,0.125,sell,293580071
1750557986176,80.32,0.257,sell,293580072
1750557986410,80.31,0.125,sell,293580073
1750557986530,80.3,0.069,sell,293580074
1750557987063,80.29,0.214,sell,293580075
1750557987135,80.28,2.225,sell,293580076
1750557987139,80.28,2.494,sell,293580077
1750557987633,80.27,1.934,sell,293580078
1750557988055,80.26,0.111,sell,293580079
1750557988535,80.27,0.163,buy,293580080
1750557988582,80.27,4.965,buy,293580081
1750557988613,80.27,3.5,buy,293580082
1750557988787,80.27,1.565,buy,293580083
1750557988787,80.28,0.154,buy,293580084
1750557988908,80.28,0.32,buy,293580085
1750557988926,80.29,2.042,buy,293580086
1750557988950,80.29,0.385,buy,293580087
1750557989021,80.3,0.419,buy,293580088
1750557989028,80.31,0.544,buy,293580089
1750557989102,80.32,0.448,buy,293580090
1750557989117,80.33,1.433,buy,293580091
1750557989125,80.32,2.562,sell,293580092
1750557990101,80.32,0.113,sell,293580093
1750557990447,80.31,0.125,sell,293580094
1750557990536,80.3,0.219,sell,293580095
1750557991512,80.29,0.125,sell,293580096
1750557992126,80.28,0.125,sell,293580097
1750557992701,80.27,0.195,buy,293580098
1750557992993,80.27,3.398,sell,293580099
1750557995200,80.26,0.125,sell,293580100
1750557995574,80.26,19.794,buy,293580101
1750557995574,80.26,0.065,buy,293580102
1750557996968,80.27,1.181,buy,293580103
1750557996968,80.27,0.705,buy,293580104
1750557997035,80.27,1.181,buy,293580105
1750557998845,80.27,7.413,buy,293580106
1750557998949,80.28,1.181,buy,293580107
1750557999555,80.27,0.078,buy,293580108
1750558000377,80.26,0.125,sell,293580109
1750558000512,80.25,0.206,sell,293580110
1750558001250,80.24,0.157,sell,293580111
1750558003741,80.23,8.557,sell,293580112
1750558003855,80.22,0.069,sell,293580113
1750558004488,80.22,0.319,buy,293580114
1750558006143,80.22,0.067,sell,293580115
1750558006487,80.21,5.373,sell,293580116
1750558006706,80.21,0.587,buy,293580117
1750558006835,80.21,0.931,buy,293580118
1750558007533,80.2,16.568,sell,293580119
1750558008292,80.19,0.125,sell,293580120
1750558010484,80.17,0.568,sell,293580121
1750558010489,80.17,0.439,buy,293580122
1750558010628,80.16,0.257,sell,293580123
1750558010630,80.16,0.431,buy,293580124
1750558012035,80.16,0.325,buy,293580125
1750558012101,80.17,0.764,buy,293580126
1750558012117,80.17,0.856,buy,293580127
1750558012357,80.17,0.32,buy,293580128
1750558012816,80.18,0.325,buy,293580129
1750558012832,80.19,1.181,buy,293580130
1750558012961,80.19,0.13,buy,293580131
1750558013113,80.2,1.181,buy,293580132
1750558014250,80.19,0.249,buy,293580133
1750558014611,80.19,0.195,buy,293580134
1750558014875,80.19,23.493,sell,293580135
1750558014876,80.18,7.588,sell,293580136
1750558014884,80.18,4.219,sell,293580137
1750558015549,80.18,0.195,buy,293580138
1750558015882,80.19,0.45,buy,293580139
1750558015897,80.2,1.181,buy,293580140
1750558018236,80.2,0.195,buy,293580141
1750558018847,80.21,0.45,buy,293580142
1750558018864,80.22,1.181,buy,293580143
1750558018909,80.22,0.13,buy,293580144
1750558020827,80.23,0.45,buy,293580145
1750558020827,80.24,0.45,buy,293580146
1750558021332,80.25,0.385,buy,293580147
1750558021333,80.25,0.065,buy,293580148
1750558021827,80.24,0.219,sell,293580149
1750558021995,80.24,0.195,buy,293580150
1750558021996,80.24,0.5,sell,293580151
1750558025147,80.24,5.942,sell,293580152
1750558025164,80.23,0.125,sell,293580153
1750558025351,80.23,0.26,buy,293580154
1750558025963,80.24,2.05,buy,293580155
1750558028278,80.22,0.125,sell,293580156
1750558029315,80.22,0.195,buy,293580157
1750558030074,80.22,0.178,sell,293580158
1750558031117,80.21,0.125,sell,293580159
1750558033955,80.21,0.51,buy,293580160
1750558036656,80.21,0.195,buy,293580161
1750558040056,80.2,2.185,sell,293580162
1750558040115,80.19,0.219,sell,293580163
1750558041777,80.18,0.125,sell,293580164
1750558042212,80.18,0.195,buy,293580165
1750558044028,80.18,0.26,buy,293580166
1750558044139,80.19,0.45,buy,293580167
1750558044139,80.2,1.038,buy,293580168
1750558044943,80.19,11.879,sell,293580169
1750558047932,80.19,4.952,buy,293580170
1750558047932,80.19,6.283,buy,293580171
1750558047943,80.19,1.181,buy,293580172
1750558048116,80.18,2.961,sell,293580173
1750558051336,80.18,8.519,sell,293580174
1750558054100,80.18,14.309,sell,293580175
1750558054101,80.18,12.391,sell,293580176
1750558054110,80.17,0.125,sell,293580177
1750558055676,80.17,0.28,buy,293580178
1750558056324,80.16,0.125,sell,293580179
1750558056325,80.15,0.257,sell,293580180
1750558057022,80.14,0.572,sell,293580181
1750558057920,80.14,0.195,buy,293580182
1750558059466,80.14,7.419,sell,293580183
1750558059466,80.13,61.591,sell,293580184
1750558059466,80.12,46.855,sell,293580185
1750558059466,80.11,26.707,sell,293580186
1750558059469,80.12,0.069,sell,293580187
1750558060923,80.12,8.001,sell,293580188
1750558061119,80.11,12.669,sell,293580189
1750558061120,80.11,1.2,sell,293580190
1750558061180,80.11,0.125,sell,293580191
1750558061949,80.11,0.125,buy,293580192
1750558062155,80.11,3.909,buy,293580193
1750558062155,80.11,9.681,buy,293580194
1750558062171,80.11,1.192,buy,293580195
1750558062172,80.11,0.014,buy,293580196
1750558064778,80.12,0.45,buy,293580197
1750558064816,80.13,0.731,buy,293580198
1750558068386,80.12,0.999,sell,293580199
1750558068713,80.13,1.01,buy,293580200
1750558070986,80.12,0.388,sell,293580201
1750558077205,80.12,0.553,sell,293580202
1750558077211,80.12,0.554,buy,293580203
1750558077232,80.11,0.125,sell,293580204
1750558077918,80.11,4.913,buy,293580205
1750558077932,80.11,1.181,buy,293580206
1750558079746,80.1,30.532,sell,293580207
1750558079746,80.09,95.981,sell,293580208
1750558079746,80.08,15.745,sell,293580209
1750558079750,80.09,0.463,buy,293580210
1750558080246,80.08,0.257,sell,293580211
1750558080317,80.07,0.809,sell,293580212
1750558080382,80.06,13.093,sell,293580213
1750558080387,80.06,20.844,sell,293580214
1750558080841,80.05,1.04,sell,293580215
1750558080841,80.04,4.321,sell,293580216
1750558080898,80.03,0.25,sell,293580217
1750558080952,80.02,13.502,sell,293580218
1750558080954,80.02,13.596,sell,293580219
1750558081226,80.02,13.596,buy,293580220
1750558081228,80.02,0.065,buy,293580221
1750558081311,80.03,4.99,buy,293580222
1750558081315,80.03,0.06,buy,293580223
1750558081511,80.03,0.312,sell,293580224
1750558081599,80.03,9.993,sell,293580225
1750558081860,80.03,3.5,buy,293580226
1750558083066,80.01,5.201,sell,293580227
1750558083202,80,13.194,sell,293580228
1750558083202,80,0.198,sell,293580229
1750558083202,80,35.563,sell,293580230
1750558083203,80,62.521,sell,293580231
1750558083207,80,16.94,sell,293580232
1750558083212,80,16.875,sell,293580233
1750558083216,80,9.738,sell,293580234
1750558083216,80,12.347,sell,293580235
1750558083218,80,11.665,sell,293580236
1750558083224,80,26.832,sell,293580237
1750558083225,80,8.482,sell,293580238
1750558083226,80,9.744,sell,293580239
1750558083228,80,13.519,sell,293580240
1750558083229,80,10.068,sell,293580241
1750558083231,80,10.517,sell,293580242
1750558083234,80,62.196,sell,293580243
1750558083251,80,7.893,sell,293580244
1750558083326,79.99,4.604,sell,293580245
1750558084082,79.98,0.207,sell,293580246
1750558084106,79.97,2.701,sell,293580247
1750558084107,79.98,0.324,buy,293580248
1750558084129,79.97,1.181,buy,293580249
1750558084143,79.96,3.543,sell,293580250
1750558084143,79.96,4.891,sell,293580251
1750558084145,79.96,4.891,sell,293580252
1750558084149,79.96,3.163,sell,293580253
1750558084170,79.95,17.665,sell,293580254
1750558084170,79.95,12.934,sell,293580255
1750558084170,79.94,12.066,sell,293580256
1750558084177,79.94,15.833,sell,293580257
1750558084192,79.94,3.126,sell,293580258
1750558084203,79.94,16.875,sell,293580259
1750558084205,79.94,11.347,sell,293580260
1750558084205,79.94,9.307,sell,293580261
1750558084212,79.94,0.516,sell,293580262
1750558084213,79.94,0.512,sell,293580263
1750558084214,79.94,0.516,sell,293580264
1750558084214,79.94,0.516,sell,293580265
1750558084218,79.94,0.516,sell,293580266
1750558084230,79.94,3.126,sell,293580267
1750558084233,79.94,9.307,sell,293580268
1750558084235,79.94,3.126,sell,293580269
1750558084265,79.94,0.323,sell,293580270
1750558084266,79.94,0.323,sell,293580271
1750558084267,79.94,0.323,sell,293580272
1750558084267,79.94,0.323,sell,293580273
1750558084274,79.94,0.323,sell,293580274
1750558084294,79.94,25.016,sell,293580275
1750558084321,79.94,0.301,buy,293580276
1750558084322,79.94,0.301,buy,293580277
1750558084322,79.94,0.301,buy,293580278
1750558084325,79.94,3.747,buy,293580279
1750558084336,79.94,0.14,buy,293580280
1750558084361,79.94,23.275,buy,293580281
1750558084363,79.94,9.993,buy,293580282
1750558084371,79.94,6.524,buy,293580283
1750558084384,79.94,0.065,buy,293580284
1750558084695,79.93,0.303,sell,293580285
1750558084698,79.93,0.303,sell,293580286
1750558084699,79.93,0.303,sell,293580287
1750558084701,79.94,0.192,buy,293580288
1750558084865,79.93,0.301,sell,293580289
1750558084865,79.93,0.301,sell,293580290
1750558084865,79.93,0.301,sell,293580291
1750558085062,79.94,2.563,buy,293580292
1750558085095,79.93,3.286,sell,293580293
1750558085465,79.93,17.905,buy,293580294
1750558085465,79.94,3.076,buy,293580295
1750558085514,79.94,0.065,buy,293580296
1750558085678,79.93,0.195,buy,293580297
1750558085883,79.94,0.651,buy,293580298
1750558085935,79.94,0.132,buy,293580299
1750558086081,79.93,0.348,buy,293580300
1750558086846,79.93,3.5,buy,293580301
1750558086940,79.92,6.107,sell,293580302
1750558087660,79.93,0.325,buy,293580303
1750558087823,79.94,3.5,buy,293580304
1750558087878,79.94,1.181,buy,293580305
1750558088126,79.94,0.195,buy,293580306
1750558088172,79.95,0.545,buy,293580307
1750558088453,79.96,0.451,buy,293580308
1750558088500,79.96,12.203,sell,293580309
1750558088502,79.96,5.07,sell,293580310
1750558089887,79.96,3.5,buy,293580311
1750558089891,79.96,0.13,buy,293580312
1750558089966,79.96,0.177,sell,293580313
1750558090910,79.97,0.566,buy,293580314
1750558091140,79.97,0.763,buy,293580315
1750558092139,79.97,0.13,buy,293580316
1750558092356,79.97,2.462,sell,293580317
1750558095700,79.97,0.95,sell,293580318
1750558095756,79.96,0.126,sell,293580319
1750558095836,79.95,1.181,sell,293580320
1750558096265,79.96,0.325,buy,293580321
1750558096420,79.97,0.386,buy,293580322
1750558099258,79.98,0.451,buy,293580323
1750558099258,79.99,0.545,buy,293580324
1750558100798,79.99,1.262,buy,293580325
1750558102802,79.98,0.195,buy,293580326
1750558102802,79.99,1.171,buy,293580327
1750558102818,79.99,1.181,buy,293580328
1750558102920,79.99,0.321,buy,293580329
1750558102920,80,0.86,buy,293580330
1750558104693,79.98,0.126,sell,293580331
1750558105464,79.98,0.343,buy,293580332
1750558107548,79.99,10.318,buy,293580333
1750558107551,80,0.545,buy,293580334
1750558107855,80.01,0.155,buy,293580335
1750558108207,80.01,0.296,buy,293580336
1750558109740,80.01,22.305,sell,293580337
1750558109740,80,44.945,sell,293580338
1750558109740,79.99,4.114,sell,293580339
1750558109743,80,0.195,buy,293580340
1750558113043,80,25.243,sell,293580341
1750558113043,79.99,30.918,sell,293580342
1750558113200,80,10.123,buy,293580343
1750558113201,80,0.065,buy,293580344
1750558113412,80.01,1.181,buy,293580345
1750558114404,80.01,0.13,buy,293580346
1750558120642,80.02,0.126,sell,293580351
1750558120642,80.01,0.074,sell,293580352
1750558122931,80.01,10.284,buy,293580353
1750558122931,80.02,26.03,buy,293580354
1750558122931,80.03,30.398,buy,293580355
1750558124001,80,0.22,sell,293580356
1750558124090,79.99,17.119,sell,293580357
1750558124679,79.99,0.099,buy,293580358
1750558124751,79.99,0.161,buy,293580359
1750558130251,80,0.325,buy,293580360
1750558131454,80,0.075,sell,293580361
1750558132402,80,14.11,sell,293580362
1750558133047,79.99,0.126,sell,293580363
1750558133409,79.98,0.195,sell,293580364
1750558133413,79.97,0.126,sell,293580365
1750558133594,79.96,0.195,sell,293580366
1750558133726,79.96,1.849,buy,293580367
1750558134856,79.95,0.126,sell,293580368
1750558135944,79.95,0.195,buy,293580369
1750558136138,79.96,0.321,buy,293580370
1750558136421,79.97,0.451,buy,293580371
1750558136421,79.98,2.796,buy,293580372
1750558137971,79.98,0.325,buy,293580373
1750558138071,79.99,2.184,buy,293580374
1750558139823,79.98,14.878,sell,293580375
1750558139823,79.97,5.861,sell,293580376
1750558140256,79.98,0.195,buy,293580377
1750558141038,79.99,11.701,buy,293580378
1750558141038,79.99,7.743,buy,293580379
1750558141073,80,4,buy,293580380
1750558141160,80,1.517,buy,293580381
1750558141174,80,1.181,buy,293580382
1750558141279,79.99,0.325,sell,293580383
1750558141546,79.98,0.26,sell,293580384
1750558141681,79.98,0.13,sell,293580385
1750558141685,79.97,0.451,sell,293580386
1750558141705,79.96,4.564,sell,293580387
1750558144788,79.96,0.11,buy,293580388
1750558144933,79.96,0.462,buy,293580389
1750558145050,79.97,0.719,buy,293580390
1750558145496,79.97,2.025,buy,293580391
1750558146372,79.96,0.078,sell,293580392
1750558149539,79.96,0.325,sell,293580393
1750558153808,79.96,0.328,buy,293580394
1750558156102,79.96,0.112,sell,293580395
1750558156513,79.97,0.515,buy,293580396
1750558161536,79.98,0.325,buy,293580397
1750558162227,79.99,0.451,buy,293580398
1750558162227,80,0.252,buy,293580399
1750558162571,79.99,0.195,sell,293580400
1750558163065,79.99,2.336,buy,293580401
1750558169156,79.99,0.233,buy,293580402
1750558172405,79.98,0.649,sell,293580403
1750558172407,79.98,0.065,sell,293580404
1750558175303,79.97,0.386,sell,293580405
1750558175304,79.97,0.065,sell,293580406
1750558175457,79.96,1.143,sell,293580407
1750558175461,79.96,0.065,sell,293580408
1750558175463,79.96,0.065,sell,293580409
1750558176739,79.96,0.26,buy,293580410
1750558177439,79.97,1.496,buy,293580411
1750558181424,79.97,0.325,buy,293580412
1750558184215,79.97,0.158,sell,293580413
1750558186166,79.97,0.26,sell,293580414
1750558187179,79.97,7.158,buy,293580415
1750558191916,79.96,0.451,sell,293580416
1750558191916,79.95,0.73,sell,293580417
1750558192490,79.95,0.415,sell,293580418
1750558192498,79.95,0.13,sell,293580419
1750558193758,79.95,0.26,buy,293580420
1750558193926,79.96,1.222,buy,293580421
1750558195808,79.96,0.325,buy,293580422
1750558195951,79.96,0.195,sell,293580423
1750558196002,79.96,0.125,buy,293580424
1750558197504,79.95,16.968,sell,293580425
1750558202097,79.95,0.25,buy,293580426
1750558202310,79.95,0.25,buy,293580427
1750558204964,79.94,0.469,sell,293580428
1750558205375,79.93,0.52,sell,293580429
1750558205382,79.92,19.37,sell,293580430
1750558206881,79.91,0.507,sell,293580431
1750558206986,79.9,2.427,sell,293580432
1750558206986,79.9,1.455,sell,293580433
1750558206993,79.9,0.13,sell,293580434
1750558207436,79.9,0.126,buy,293580435
1750558207614,79.89,0.454,sell,293580436
1750558207617,79.89,0.065,sell,293580437
1750558207672,79.88,2.329,sell,293580438
1750558207748,79.87,3.559,sell,293580439
1750558207750,79.87,0.96,sell,293580440
1750558207750,79.86,1.382,sell,293580441
1750558207978,79.86,0.662,buy,293580442
1750558208470,79.85,0.936,sell,293580443
1750558208527,79.85,0.216,buy,293580444
1750558208559,79.84,4.886,sell,293580445
1750558208567,79.84,0.13,sell,293580446
1750558208622,79.83,9.455,sell,293580447
1750558208628,79.83,53.57,sell,293580448
1750558209505,79.83,0.26,buy,293580449
1750558209593,79.84,1.166,buy,293580450
1750558209709,79.85,2.538,buy,293580451
1750558210185,79.85,5.46,buy,293580452
1750558210196,79.85,1.181,sell,293580453
1750558210281,79.86,9.817,buy,293580454
1750558210281,79.86,1.978,buy,293580455
1750558210287,79.86,0.175,sell,293580456
1750558210393,79.86,16.712,sell,293580457
1750558211260,79.87,0.52,buy,293580458
1750558211260,79.88,0.661,buy,293580459
1750558211724,79.88,0.15,buy,293580460
1750558211794,79.88,0.132,buy,293580461
1750558212062,79.88,0.389,buy,293580462
1750558212062,79.89,0.792,buy,293580463
1750558212646,79.89,0.325,buy,293580464
1750558213434,79.9,0.325,buy,293580465
1750558213542,79.91,0.386,buy,293580466
1750558213636,79.92,0.325,buy,293580467
1750558213821,79.93,0.451,buy,293580468
1750558213837,79.94,1.181,buy,293580469
1750558214158,79.94,0.13,buy,293580470
1750558216528,79.95,0.075,buy,293580471
1750558219511,79.94,0.325,sell,293580472
1750558221840,79.94,0.27,buy,293580473
1750558221983,79.94,0.195,sell,293580474
1750558222701,79.94,0.26,buy,293580475
1750558223280,79.94,9.76,sell,293580476
1750558223556,79.95,5.672,buy,293580477
1750558223556,79.95,11.358,buy,293580478
1750558223556,79.95,27.589,buy,293580479
1750558223562,79.96,4,buy,293580480
1750558223568,79.96,0.13,buy,293580481
1750558225001,79.97,0.614,buy,293580482
1750558225031,79.98,1.789,buy,293580483
1750558225494,79.98,0.13,buy,293580484
1750558225667,79.99,0.329,buy,293580485
1750558225799,80,0.264,buy,293580486
1750558225820,80.01,1.181,buy,293580487
1750558225861,80,25.298,sell,293580488
1750558225861,80,15.521,sell,293580489
1750558225958,79.99,0.26,sell,293580490
1750558225958,79.98,11.667,sell,293580491
1750558226708,79.97,0.325,sell,293580492
1750558227102,79.96,0.388,sell,293580493
1750558227410,79.96,0.307,buy,293580494
1750558229788,79.95,1.394,sell,293580495
1750558229788,79.95,0.065,sell,293580496
1750558229793,79.95,1.135,buy,293580497
1750558230189,79.94,0.449,sell,293580498
1750558230190,79.94,0.065,sell,293580499
1750558231846,79.93,16.81,sell,293580500
1750558231848,79.93,2.84,sell,293580501
1750558232463,79.92,0.325,sell,293580502
1750558232739,79.91,0.26,sell,293580503
1750558233055,79.91,0.08,buy,293580504
1750558233082,79.9,1.151,sell,293580505
1750558233082,79.89,0.451,sell,293580506
1750558233082,79.88,17.016,sell,293580507
1750558233082,79.87,1.029,sell,293580508
1750558233579,79.88,0.834,buy,293580509
1750558235285,79.88,0.938,buy,293580510
1750558236205,79.87,0.325,sell,293580511
1750558236878,79.87,0.28,buy,293580512
1750558237014,79.86,0.386,sell,293580513
1750558237016,79.86,0.065,sell,293580514
1750558237425,79.86,0.325,buy,293580515
1750558237475,79.87,7.08,buy,293580516
1750558237526,79.88,6.325,buy,293580517
1750558237950,79.88,0.195,sell,293580518
1750558239267,79.87,0.451,sell,293580519
1750558239267,79.86,8.936,sell,293580520
1750558239267,79.86,1.571,sell,293580521
1750558239286,79.85,0.545,sell,293580522
1750558239493,79.84,0.325,sell,293580523
1750558240803,79.84,0.325,buy,293580524
1750558242164,79.84,0.195,sell,293580525
1750558242779,79.83,0.325,sell,293580526
1750558242783,79.82,1.171,sell,293580527
1750558242783,79.81,11.807,sell,293580528
1750558242818,79.8,0.069,sell,293580529
1750558243349,79.81,0.13,buy,293580530
1750558243350,79.81,0.065,buy,293580531
1750558243498,79.82,0.39,buy,293580532
1750558243499,79.82,0.061,buy,293580533
1750558243554,79.83,0.688,buy,293580534
1750558243913,79.84,2.595,buy,293580535
1750558243916,79.84,0.065,buy,293580536
1750558244006,79.85,0.418,buy,293580537
1750558244083,79.85,0.516,buy,293580538
1750558244955,79.85,0.097,buy,293580539
1750558244955,79.84,0.121,sell,293580540
1750558245740,79.85,2,buy,293580541
1750558247151,79.84,6.104,sell,293580542
1750558247156,79.83,0.325,sell,293580543
1750558248206,79.83,0.26,buy,293580544
1750558248553,79.83,18.553,sell,293580545
1750558249547,79.83,0.325,buy,293580546
1750558249854,79.83,0.195,sell,293580547
1750558250245,79.82,0.804,sell,293580548
1750558252537,79.83,0.325,buy,293580549
1750558255216,79.84,0.451,buy,293580550
1750558255216,79.85,0.73,buy,293580551
1750558257802,79.85,0.325,buy,293580552
1750558258204,79.86,0.52,buy,293580553
1750558258381,79.87,0.451,buy,293580554
1750558259812,79.87,0.193,sell,293580555
1750558260406,79.87,0.13,sell,293580556
1750558260612,79.86,0.325,sell,293580557
1750558260702,79.85,0.451,sell,293580558
1750558261205,79.85,0.195,buy,293580559
1750558261284,79.86,20.875,buy,293580560
1750558261285,79.86,0.065,buy,293580561
1750558261688,79.87,0.571,buy,293580562
1750558262091,79.87,3.954,sell,293580563
1750558262641,79.88,0.659,buy,293580564
1750558263036,79.89,0.205,buy,293580565
1750558263208,79.89,0.386,buy,293580566
1750558263209,79.89,0.065,buy,293580567
1750558263565,79.89,0.174,sell,293580568
1750558266568,79.9,0.394,buy,293580569
1750558266755,79.9,0.26,sell,293580570
1750558266835,79.9,20,buy,293580571
1750558267206,79.9,0.195,buy,293580572
1750558269166,79.9,0.261,sell,293580573
1750558269166,79.9,0.065,sell,293580574
1750558269168,79.89,0.451,sell,293580575
1750558273267,79.89,1.019,buy,293580576
1750558274503,79.89,1.342,sell,293580577
1750558274512,79.89,0.13,sell,293580578
1750558276213,79.88,0.451,sell,293580579
1750558276292,79.87,0.325,sell,293580580
1750558280583,79.87,4.785,buy,293580581
1750558280641,79.88,0.109,buy,293580582
1750558282199,79.88,0.263,buy,293580583
1750558283867,79.88,0.417,buy,293580584
1750558284268,79.87,0.325,sell,293580585
1750558287622,79.87,4.81,buy,293580586
1750558287631,79.88,0.386,buy,293580587
1750558287636,79.89,2.98,buy,293580588
1750558287716,79.9,0.313,buy,293580589
1750558287748,79.9,0.303,buy,293580590
1750558287768,79.9,4,buy,293580591
1750558287796,79.9,0.303,buy,293580592
1750558287800,79.9,0.313,buy,293580593
1750558288029,79.9,1.207,buy,293580594
1750558288559,79.9,0.32,buy,293580595
1750558289016,79.91,0.451,buy,293580596
1750558289031,79.92,0.772,buy,293580597
1750558289846,79.92,0.172,sell,293580598
1750558292606,79.92,0.082,sell,293580599
1750558296121,79.93,0.451,buy,293580600
1750558296892,79.93,0.334,sell,293580601
1750558299059,79.94,0.52,buy,293580602
1750558300706,79.94,8.029,sell,293580603
1750558300931,79.94,0.237,sell,293580604
1750558303395,79.94,0.255,buy,293580605
1750558303811,79.94,0.368,buy,293580606
1750558303811,79.95,0.813,buy,293580607
1750558303940,79.94,1.253,sell,293580608
1750558304502,79.94,0.195,sell,293580609
1750558304850,79.94,6.287,buy,293580610
1750558304967,79.95,0.321,buy,293580611
1750558305070,79.96,0.707,buy,293580612
1750558305071,79.96,0.065,buy,293580613
1750558305360,79.97,10.513,buy,293580614
1750558305360,79.98,0.816,buy,293580615
1750558307154,79.98,0.195,buy,293580616
1750558307769,79.98,4.478,sell,293580617
1750558308600,79.98,0.195,sell,293580618
1750558310875,79.98,0.42,buy,293580619
1750558310875,79.98,0.06,buy,293580620
1750558310880,79.99,0.451,buy,293580621
1750558310929,80,0.96,buy,293580622
1750558312299,80,0.195,buy,293580623
1750558312633,80.01,1.465,buy,293580624
1750558313003,80.02,0.52,buy,293580625
1750558313840,80.03,0.79,buy,293580626
1750558313849,80.03,0.065,buy,293580627
1750558315028,80.04,0.52,buy,293580628
1750558315954,80.05,0.605,buy,293580629
1750558316478,80.06,0.077,buy,293580630
1750558316563,80.06,0.38,buy,293580631
1750558316566,80.06,0.063,buy,293580632
1750558316749,80.07,0.385,buy,293580633
1750558316754,80.07,0.13,buy,293580634
1750558316771,80.08,0.771,buy,293580635
1750558317411,80.09,0.499,buy,293580636
1750558318470,80.08,0.195,buy,293580637
1750558319823,80.09,0.385,buy,293580638
1750558319842,80.1,0.519,buy,293580639
1750558319916,80.11,1.283,buy,293580640
1750558320008,80.11,16.536,buy,293580641
1750558320231,80.11,0.13,buy,293580642
1750558320451,80.1,0.282,sell,293580643
1750558320496,80.09,0.219,sell,293580644
1750558320605,80.08,0.463,sell,293580645
1750558320616,80.07,0.22,sell,293580646
1750558320876,80.06,8.792,sell,293580647
1750558320885,80.06,1.384,sell,293580648
1750558321039,80.05,0.126,sell,293580649
1750558321709,80.04,0.126,sell,293580650
1750558321742,80.03,0.22,sell,293580651
1750558321878,80.03,16.27,buy,293580652
1750558322570,80.03,0.195,buy,293580653
1750558323800,80.03,0.26,buy,293580654
1750558323833,80.03,0.174,sell,293580655
1750558324497,80.03,0.102,buy,293580656
1750558325723,80.02,0.126,sell,293580657
1750558325777,80.02,11.445,buy,293580658
1750558326331,80.02,0.729,sell,293580659
1750558329778,80.02,6.904,buy,293580660
1750558331792,80.02,0.211,sell,293580661
1750558332033,80.02,0.085,sell,293580662
1750558332178,80.02,0.195,buy,293580663
1750558332762,80.02,0.138,sell,293580664
1750558334492,80.03,0.793,buy,293580665
1750558334703,80.03,0.196,buy,293580666
1750558335881,80.04,0.325,buy,293580667
1750558337045,80.05,0.517,buy,293580668
1750558337048,80.06,0.517,buy,293580669
1750558337121,80.07,1.181,buy,293580670
1750558337414,80.07,0.13,buy,293580671
1750558338836,80.06,0.191,sell,293580672
1750558338840,80.05,0.126,sell,293580673
1750558338917,80.04,1.181,sell,293580674
1750558340378,80.04,0.126,sell,293580675
1750558340512,80.04,0.261,buy,293580676
1750558342869,80.05,0.517,buy,293580677
1750558342950,80.06,0.516,buy,293580678
1750558343051,80.07,0.325,buy,293580679
1750558343781,80.08,0.391,buy,293580680
1750558344754,80.08,0.31,sell,293580681
1750558344807,80.09,0.516,buy,293580682
1750558347932,80.1,0.516,buy,293580683
1750558348955,80.1,0.124,buy,293580684
1750558349518,80.1,0.136,buy,293580685
1750558350964,80.11,0.732,buy,293580686
1750558350983,80.12,0.519,buy,293580687
1750558351444,80.13,12.75,buy,293580688
1750558351577,80.14,0.519,buy,293580689
1750558351738,80.15,0.427,buy,293580690
1750558352046,80.15,0.303,buy,293580691
1750558352383,80.16,0.771,buy,293580692
1750558352482,80.16,0.243,sell,293580693
1750558353695,80.15,9.708,sell,293580694
1750558354223,80.15,0.125,sell,293580695
1750558354630,80.14,0.188,sell,293580696
1750558354804,80.13,0.125,sell,293580697
1750558355188,80.12,0.188,sell,293580698
1750558355188,80.11,0.125,sell,293580699
1750558355188,80.1,1.353,sell,293580700
1750558355993,80.11,0.195,buy,293580701
1750558356371,80.12,0.39,buy,293580702
1750558356372,80.12,0.06,buy,293580703
1750558356374,80.13,11.794,buy,293580704
1750558356447,80.14,1.843,buy,293580705
1750558357166,80.14,0.13,buy,293580706
1750558358799,80.15,0.549,buy,293580707
1750558360074,80.14,0.26,buy,293580708
1750558361322,80.15,0.385,buy,293580709
1750558361984,80.15,0.069,sell,293580710
1750558363330,80.15,0.195,buy,293580711
1750558363876,80.14,1.44,sell,293580712
1750558363900,80.14,3.382,sell,293580713
1750558363902,80.13,0.219,sell,293580714
1750558364803,80.12,0.125,sell,293580715
1750558365100,80.12,0.26,buy,293580716
1750558365692,80.12,0.379,sell,293580717
1750558373706,80.12,0.16,buy,293580718
1750558373713,80.12,0.13,buy,293580719
1750558374416,80.12,0.43,sell,293580720
1750558375185,80.13,0.45,buy,293580721
1750558377085,80.14,0.325,buy,293580722
1750558377102,80.15,0.45,buy,293580723
1750558377119,80.16,0.731,buy,293580724
1750558377311,80.16,0.325,buy,293580725
1750558382132,80.17,0.39,buy,293580726
1750558382132,80.17,0.06,buy,293580727
1750558382152,80.18,1.181,buy,293580728
1750558382314,80.17,0.3,sell,293580729
1750558382482,80.18,0.195,buy,293580730
1750558382769,80.19,0.45,buy,293580731
1750558382812,80.2,0.638,buy,293580732
1750558383114,80.2,0.173,sell,293580733
1750558383228,80.21,4.144,buy,293580734
1750558384631,80.2,0.277,sell,293580735
1750558387978,80.19,0.096,sell,293580736
1750558390471,80.19,6.883,sell,293580737
1750558391326,80.2,0.468,buy,293580738
1750558392249,80.21,1.159,buy,293580739
1750558393919,80.22,0.329,buy,293580740
1750558393920,80.22,0.065,buy,293580741
1750558393936,80.23,0.843,buy,293580742
1750558394814,80.21,0.125,sell,293580743
1750558395952,80.2,0.125,sell,293580744
1750558395952,80.19,0.125,sell,293580745
1750558395952,80.18,0.931,sell,293580746
1750558396852,80.19,0.26,buy,293580747
1750558396852,80.2,5.975,buy,293580748
1750558400109,80.2,0.346,buy,293580749
1750558400110,80.2,0.104,buy,293580750
1750558400661,80.21,0.156,buy,293580751
1750558401280,80.21,0.45,buy,293580752
1750558403984,80.22,0.45,buy,293580753
1750558406715,80.22,0.275,buy,293580754
1750558406846,80.22,0.195,buy,293580755
1750558409099,80.23,0.45,buy,293580756
1750558409523,80.24,10.315,buy,293580757
1750558414305,80.25,4.596,buy,293580758
1750558420763,80.27,0.125,sell,293580765
1750558420827,80.26,1.181,sell,293580766
1750558423560,80.26,0.26,buy,293580767
1750558424185,80.27,0.45,buy,293580768
1750558424766,80.28,0.213,buy,293580769
1750558425087,80.28,0.45,buy,293580770
1750558425088,80.29,0.539,buy,293580771
1750558427305,80.3,2.281,buy,293580772
1750558428355,80.29,0.195,buy,293580773
1750558430902,80.29,0.133,sell,293580774
1750558431015,80.29,0.124,sell,293580775
1750558431420,80.28,3.965,sell,293580776
1750558431531,80.28,0.194,buy,293580777
1750558431712,80.27,0.125,sell,293580778
1750558434806,80.27,0.439,buy,293580779
1750558434806,80.28,0.804,buy,293580780
1750558437887,80.26,0.588,sell,293580781
1750558439486,80.27,0.26,buy,293580782
1750558440729,80.28,0.385,buy,293580783
1750558440735,80.28,0.13,buy,293580784
1750558440902,80.29,0.45,buy,293580785
1750558441730,80.28,0.282,sell,293580786
1750558441742,80.28,2.105,buy,293580787
1750558443136,80.28,0.777,buy,293580788
1750558445676,80.27,0.125,sell,293580789
1750558448000,80.26,0.125,sell,293580790
1750558449332,80.25,0.125,sell,293580791
1750558450009,80.24,0.257,sell,293580792
1750558454078,80.23,0.611,sell,293580793
1750558454760,80.24,1.341,buy,293580794
1750558454813,80.25,0.45,buy,293580795
1750558454933,80.26,0.731,buy,293580796
1750558455692,80.25,3.115,sell,293580797
1750558458129,80.26,9.748,buy,293580798
1750558461146,80.27,0.395,buy,293580799
1750558464041,80.28,0.45,buy,293580800
1750558464441,80.28,0.865,sell,293580801
1750558464722,80.29,0.454,buy,293580802
1750558464724,80.29,0.065,buy,293580803
1750558465032,80.3,0.454,buy,293580804
1750558465096,80.3,0.13,buy,293580805
1750558465096,80.31,0.816,buy,293580806
1750558466924,80.32,0.986,buy,293580807
1750558468155,80.31,0.165,buy,293580808
1750558468785,80.3,0.125,sell,293580809
1750558473168,80.29,0.08,sell,293580810
1750558474389,80.29,0.045,sell,293580811
1750558480151,80.29,0.195,buy,293580812
1750558480255,80.3,0.11,buy,293580813
1750558486926,80.29,0.299,buy,293580814
1750558487036,80.28,0.205,sell,293580815
1750558487905,80.29,0.26,buy,293580816
1750558488048,80.29,3.737,sell,293580817
1750558489901,80.29,0.195,buy,293580818
1750558491786,80.29,0.943,sell,293580819
1750558493548,80.29,0.21,sell,293580820
1750558494822,80.3,0.34,buy,293580821
1750558494882,80.31,0.325,buy,293580822
1750558498878,80.32,0.616,buy,293580823
1750558501310,80.32,0.45,buy,293580824
1750558502074,80.32,0.3,sell,293580825
1750558502279,80.33,0.45,buy,293580826
1750558502331,80.33,3.735,sell,293580827
1750558503205,80.33,0.946,sell,293580828
1750558503219,80.33,1.181,sell,293580829
1750558503332,80.32,0.201,sell,293580830
1750558503381,80.31,0.285,sell,293580831
1750558503381,80.3,3.45,sell,293580832
1750558503575,80.31,0.308,buy,293580833
1750558504011,80.31,0.13,buy,293580834
1750558504028,80.32,0.32,buy,293580835
1750558504199,80.33,0.45,buy,293580836
1750558505562,80.33,0.195,buy,293580837
1750558506276,80.34,0.69,buy,293580838
1750558510472,80.33,0.125,sell,293580839
1750558511155,80.32,0.125,sell,293580840
1750558511157,80.31,0.125,sell,293580841
1750558512999,80.31,0.47,buy,293580842
1750558516489,80.31,6.226,buy,293580843
1750558516491,80.31,0.344,buy,293580844
1750558516535,80.31,3.736,sell,293580845
1750558517963,80.32,0.127,buy,293580846
1750558518903,80.32,0.269,buy,293580847
1750558518959,80.33,0.804,buy,293580848
1750558519054,80.32,3.434,sell,293580849
1750558519469,80.33,19.037,buy,293580850
1750558519469,80.34,132.895,buy,293580851
1750558520234,80.33,0.195,buy,293580852
1750558524170,80.33,0.26,buy,293580853
1750558525743,80.32,7.377,sell,293580854
1750558527304,80.32,0.086,sell,293580855
1750558527635,80.32,7.378,sell,293580856
1750558530122,80.32,6.524,sell,293580857
1750558530203,80.31,0.219,sell,293580858
1750558531193,80.31,0.195,buy,293580859
1750558534157,80.31,0.931,buy,293580860
1750558534616,80.3,0.071,sell,293580861
1750558535234,80.3,0.125,sell,293580862
1750558536365,80.29,0.194,sell,293580863
1750558536377,80.28,1.296,sell,293580864
1750558536384,80.27,4.351,sell,293580865
1750558536574,80.26,0.194,sell,293580866
1750558536700,80.25,0.194,sell,293580867
1750558536700,80.24,0.996,sell,293580868
1750558536707,80.24,0.069,sell,293580869
1750558537254,80.23,0.194,sell,293580870
1750558538387,80.22,0.194,sell,293580871
1750558538399,80.21,0.125,sell,293580872
1750558538481,80.2,0.069,sell,293580873
1750558538719,80.2,0.26,buy,293580874
1750558538919,80.21,0.32,buy,293580875
1750558538924,80.21,0.13,buy,293580876
1750558538926,80.22,6.109,buy,293580877
1750558541984,80.19,0.125,sell,293580878
1750558543471,80.18,0.194,sell,293580879
1750558543671,80.18,0.26,buy,293580880
1750558548932,80.18,7.438,buy,293580881
1750558549145,80.18,0.325,buy,293580882
1750558551543,80.17,0.515,sell,293580883
1750558551950,80.16,0.132,sell,293580884
1750558552003,80.15,0.125,sell,293580885
1750558552283,80.14,0.194,sell,293580886
1750558553072,80.14,0.195,buy,293580887
1750558555037,80.13,0.125,sell,293580888
1750558555191,80.12,1.936,sell,293580889
1750558555412,80.12,0.195,buy,293580890
1750558555800,80.13,0.45,buy,293580891
1750558556028,80.14,0.45,buy,293580892
1750558556757,80.15,0.385,buy,293580893
1750558556758,80.15,0.065,buy,293580894
1750558558831,80.15,0.195,buy,293580895
1750558560083,80.15,10.188,buy,293580896
1750558562553,80.16,0.45,buy,293580897
1750558562923,80.17,0.45,buy,293580898
1750558565109,80.16,0.125,sell,293580899
1750558565469,80.16,0.195,buy,293580900
1750558566388,80.17,0.62,buy,293580901
1750558570865,80.16,0.125,sell,293580902
1750558574106,80.15,5.017,sell,293580903
1750558574108,80.14,0.188,sell,293580904
1750558574536,80.14,0.26,buy,293580905
1750558574548,80.15,6.239,buy,293580906
1750558574575,80.15,0.125,buy,293580907
1750558575070,80.15,0.195,buy,293580908
1750558576767,80.16,0.45,buy,293580909
1750558576879,80.16,0.174,sell,293580910
1750558577593,80.17,0.45,buy,293580911
1750558578313,80.18,0.249,buy,293580912
1750558578427,80.18,0.201,buy,293580913
1750558578609,80.19,0.32,buy,293580914
1750558578627,80.2,0.389,buy,293580915
1750558579638,80.19,0.125,sell,293580916
1750558580935,80.18,0.125,sell,293580917
1750558583406,80.17,0.125,sell,293580918
1750558585737,80.16,0.125,sell,293580919
1750558586789,80.15,0.125,sell,293580920
1750558586820,80.14,0.194,sell,293580921
1750558588602,80.15,0.125,buy,293580922
1750558588820,80.16,0.125,buy,293580923
1750558588855,80.16,0.136,sell,293580924
1750558589100,80.17,0.125,buy,293580925
1750558592445,80.18,0.125,buy,293580926
1750558592493,80.19,0.125,buy,293580927
1750558593701,80.19,3.34,sell,293580928
1750558596600,80.19,1.311,sell,293580929
1750558596953,80.19,6.366,sell,293580930
1750558596959,80.18,0.219,sell,293580931
1750558597488,80.19,4.783,buy,293580932
1750558598559,80.19,0.424,buy,293580933
1750558601124,80.17,0.125,sell,293580934
1750558601736,80.17,0.229,buy,293580935
1750558603825,80.17,0.219,sell,293580936
1750558607185,80.16,0.194,sell,293580937
1750558607217,80.15,0.125,sell,293580938
1750558610596,80.16,3.741,buy,293580939
1750558612494,80.16,0.125,buy,293580940
1750558614095,80.15,0.125,sell,293580941
1750558614640,80.14,0.138,sell,293580942
1750558615576,80.15,0.26,buy,293580943
1750558616535,80.14,3.584,sell,293580944
1750558616537,80.13,0.194,sell,293580945
1750558617078,80.12,0.194,sell,293580946
1750558617081,80.11,0.194,sell,293580947
1750558617482,80.12,0.125,buy,293580948
1750558619626,80.13,0.125,buy,293580949
1750558620066,80.14,0.125,buy,293580950
1750558620074,80.14,1.05,buy,293580951
1750558620723,80.13,0.219,sell,293580952
1750558622871,80.13,1.164,sell,293580953
1750558623520,80.12,0.125,sell,293580954
1750558624243,80.11,0.758,sell,293580955
1750558626337,80.1,0.096,sell,293580956
1750558627309,80.1,0.098,sell,293580957
1750558627632,80.11,0.219,buy,293580958
1750558627689,80.12,6.242,buy,293580959
1750558630355,80.12,0.125,buy,293580960
1750558630378,80.12,0.169,sell,293580961
1750558630543,80.13,0.599,buy,293580962
1750558634238,80.16,0.197,buy,293580963
1750558635237,80.17,0.125,buy,293580964
1750558636470,80.17,0.064,sell,293580965
1750558641112,80.17,0.623,buy,293580966
1750558641232,80.16,0.125,sell,293580967
1750558641874,80.15,0.125,sell,293580968
1750558641894,80.14,0.125,sell,293580969
1750558642918,80.13,0.125,sell,293580970
1750558642919,80.12,0.274,sell,293580971
1750558643477,80.11,0.307,sell,293580972
1750558644362,80.11,0.219,sell,293580973
1750558644963,80.12,0.125,buy,293580974
1750558649211,80.12,0.223,buy,293580975
1750558650418,80.11,0.125,sell,293580976
1750558651359,80.12,0.125,buy,293580977
1750558651993,80.13,0.125,buy,293580978
1750558652939,80.14,8.99,buy,293580979
1750558652941,80.15,0.194,buy,293580980
1750558652944,80.15,1.242,sell,293580981
1750558656051,80.14,0.125,sell,293580982
1750558657731,80.15,0.125,buy,293580983
1750558658818,80.15,0.25,sell,293580984
1750558659050,80.16,10.194,buy,293580985
1750558659057,80.17,0.219,buy,293580986
1750558659178,80.18,0.288,buy,293580987
1750558659225,80.19,0.893,buy,293580988
1750558659396,80.19,0.253,buy,293580989
1750558659774,80.19,75.142,buy,293580990
1750558659784,80.2,0.382,buy,293580991
1750558659784,80.21,12.09,buy,293580992
1750558661028,80.19,0.125,sell,293580993
1750558661260,80.19,5,buy,293580994
1750558661278,80.18,0.744,sell,293580995
1750558662817,80.18,0.125,sell,293580996
1750558664933,80.17,0.713,sell,293580997
1750558664943,80.16,0.125,sell,293580998
1750558665448,80.15,0.125,sell,293580999
1750558666309,80.15,1.071,buy,293581000
1750558667681,80.14,0.125,sell,293581001
1750558667685,80.13,0.125,sell,293581002
1750558668510,80.12,0.125,sell,293581003
1750558668521,80.11,0.219,sell,293581004
1750558669060,80.11,3.745,buy,293581005
1750558669288,80.11,0.457,buy,293581006
1750558669471,80.11,0.091,buy,293581007
1750558669485,80.12,7.49,buy,293581008
1750558669580,80.12,13.802,buy,293581009
1750558669636,80.13,0.219,buy,293581010
1750558670992,80.14,0.125,buy,293581011
1750558675403,80.15,0.472,buy,293581012
1750558677699,80.16,1.944,buy,293581013
1750558678523,80.16,0.187,buy,293581014
1750558680740,80.16,8.942,buy,293581015
1750558681423,80.15,0.125,sell,293581016
1750558681760,80.14,0.125,sell,293581017
1750558681763,80.13,0.125,sell,293581018
1750558682038,80.13,0.093,buy,293581019
1750558682147,80.14,12.617,buy,293581020
1750558686026,80.13,0.125,sell,293581021
1750558689268,80.12,0.125,sell,293581022
1750558689274,80.11,3.889,sell,293581023
1750558690602,80.11,9.03,buy,293581024
1750558691375,80.1,0.125,sell,293581025
1750558694036,80.09,0.377,sell,293581026
1750558695317,80.08,0.257,sell,293581027
1750558698358,80.08,0.169,buy,293581028
1750558698451,80.09,0.219,buy,293581029
1750558700385,80.1,0.078,sell,293581030
1750558703092,80.09,0.873,sell,293581031
1750558703097,80.09,0.374,buy,293581032
1750558703109,80.08,0.188,sell,293581033
1750558703840,80.07,0.125,sell,293581034
1750558705028,80.06,0.444,sell,293581035
1750558707755,80.06,0.297,buy,293581036
1750558708156,80.06,0.081,sell,293581037
1750558709714,80.06,1.555,buy,293581038
1750558709909,80.05,3.876,sell,293581039
1750558710249,80.04,0.195,sell,293581040
1750558710357,80.03,0.069,sell,293581041
1750558711855,80.03,1.373,buy,293581042
1750558713002,80.04,0.179,buy,293581043
1750558714198,80.04,0.219,buy,293581044
1750558714611,80.05,0.126,buy,293581045
1750558714611,80.06,0.092,buy,293581046
1750558717698,80.05,0.126,sell,293581047
1750558719944,80.05,0.079,buy,293581048
1750558721622,80.05,0.963,buy,293581049
1750558722396,80.05,0.076,buy,293581050
1750558722399,80.06,0.126,buy,293581051
1750558723259,80.07,0.125,buy,293581052
1750558723262,80.08,3.868,buy,293581053
1750558723512,80.09,0.125,buy,293581054
1750558725427,80.1,0.194,buy,293581055
1750558726049,80.11,0.626,buy,293581056
1750558726780,80.11,1.181,sell,293581057
1750558727448,80.11,2.902,sell,293581058
1750558727489,80.1,0.157,sell,293581059
1750558727600,80.09,0.125,sell,293581060
1750558728448,80.09,0.092,buy,293581061
1750558729699,80.08,0.125,sell,293581062
1750558730813,80.07,0.125,sell,293581063
1750558732588,80.08,0.711,buy,293581064
1750558736899,80.08,0.855,buy,293581065
1750558737424,80.08,0.125,buy,293581066
1750558744377,80.08,0.275,buy,293581067
1750558745203,80.09,1.124,buy,293581068
1750558745208,80.1,0.125,buy,293581069
1750558745264,80.1,0.312,buy,293581070
1750558745324,80.1,0.062,buy,293581071
1750558745613,80.09,0.125,sell,293581072
1750558752057,80.1,1.607,buy,293581073
1750558752797,80.1,0.125,buy,293581074
1750558754310,80.1,0.074,sell,293581075
1750558755102,80.1,0.636,buy,293581076
1750558755442,80.1,0.079,buy,293581077
1750558755560,80.09,0.125,sell,293581078
1750558756533,80.08,0.125,sell,293581079
1750558756742,80.07,0.125,sell,293581080
1750558758096,80.06,0.125,sell,293581081
1750558759768,80.06,0.374,buy,293581082
1750558760525,80.07,0.125,buy,293581083
1750558761499,80.08,0.19,buy,293581084
1750558761673,80.08,0.187,buy,293581085
1750558762257,80.08,3.109,buy,293581086
1750558764361,80.09,1.02,buy,293581087
1750558765184,80.09,3.795,buy,293581088
1750558768723,80.1,0.125,buy,293581089
1750558769542,80.11,0.207,buy,293581090
1750558769933,80.12,0.194,buy,293581091
1750558771668,80.11,0.125,sell,293581092
1750558772216,80.1,1.91,sell,293581093
1750558774304,80.11,0.171,buy,293581094
1750558780202,80.11,8.88,sell,293581095
1750558780278,80.1,0.125,sell,293581096
1750558781285,80.1,0.389,buy,293581097
1750558783049,80.1,2.025,buy,293581098
1750558783334,80.1,7.884,buy,293581099
1750558783385,80.11,0.219,buy,293581100
1750558790971,80.1,0.926,sell,293581101
1750558790995,80.09,0.125,sell,293581102
1750558791539,80.08,0.125,sell,293581103
1750558791542,80.07,0.188,sell,293581104
1750558792049,80.06,0.189,sell,293581105
1750558797499,80.05,0.126,sell,293581106
1750558798543,80.05,0.487,buy,293581107
1750558799258,80.04,0.126,sell,293581108
1750558800488,80.03,0.126,sell,293581109
1750558800848,80.03,0.1,buy,293581110
1750558801374,80.03,0.067,buy,293581111
1750558801733,80.04,0.126,buy,293581112
1750558801733,80.05,0.652,buy,293581113
1750558802675,80.04,1.012,sell,293581114
1750558803027,80.03,0.126,sell,293581115
1750558806121,80.02,0.288,sell,293581116
1750558809025,80.01,0.126,sell,293581117
1750558810108,80.01,0.167,sell,293581118
1750558812787,80.02,0.659,buy,293581119
1750558812993,80.03,0.874,buy,293581120
1750558816974,80.02,11.474,sell,293581121
1750558817021,80.01,1.181,sell,293581122
1750558817846,80.02,0.126,buy,293581123
1750558818192,80.01,0.126,sell,293581124
1750558818956,80,0.405,sell,293581125
1750558818985,79.99,0.22,sell,293581126
1750558819435,79.98,21.788,sell,293581127
1750558819778,79.98,39.462,buy,293581128
1750558819799,79.99,0.126,buy,293581129
1750558820329,80.01,0.126,buy,293581130
1750558822545,80.03,4,buy,293581131
1750558822547,80.03,47.219,buy,293581132
1750558822549,80.04,0.126,buy,293581133
1750558824354,80.05,0.094,buy,293581134
1750558824433,80.06,0.69,buy,293581135
1750558824436,80.07,3.729,buy,293581136
1750558825841,80.06,10.893,sell,293581137
1750558825841,80.05,118.681,sell,293581138
1750558825841,80.04,56.706,sell,293581139
1750558830339,80.04,1.051,buy,293581140
1750558830341,80.04,16.875,buy,293581141
1750558830342,80.04,35.809,buy,293581142
1750558830343,80.04,57.485,buy,293581143
1750558830343,80.04,18.59,buy,293581144
1750558830343,80.04,18.501,buy,293581145
1750558830349,80.05,4,buy,293581146
1750558831329,80.06,0.125,buy,293581147
1750558831598,80.05,0.22,sell,293581148
1750558833042,80.04,0.126,sell,293581149
1750558833457,80.03,0.126,sell,293581150
1750558833566,80.02,0.126,sell,293581151
1750558839000,80.01,0.09,sell,293581152
1750558839399,80.01,0.036,sell,293581153
1750558839990,80,0.126,sell,293581154
1750558840002,79.99,0.126,sell,293581155
1750558840407,79.98,0.126,sell,293581156
1750558841550,79.98,0.063,buy,293581157
1750558841637,79.99,0.22,buy,293581158
1750558842001,80,0.126,buy,293581159
1750558842613,80.01,0.312,buy,293581160
1750558842615,80.01,0.098,buy,293581161
1750558844062,80,0.126,sell,293581162
1750558844654,80,0.076,buy,293581163
1750558844824,79.99,0.126,sell,293581164
1750558844827,79.98,0.126,sell,293581165
1750558847885,79.97,0.195,sell,293581166
1750558847900,79.96,0.347,sell,293581167
1750558847900,79.95,0.463,sell,293581168
1750558850262,79.97,0.126,buy,293581169
1750558850483,79.98,0.22,buy,293581170
1750558850522,79.99,0.22,buy,293581171
1750558851257,79.99,8.398,sell,293581172
1750558851305,79.98,4.126,sell,293581173
1750558851721,79.96,0.126,sell,293581174
1750558852279,79.95,0.126,sell,293581175
1750558852306,79.94,0.195,sell,293581176
1750558855150,79.93,0.126,sell,293581177
1750558855458,79.93,0.195,buy,293581178
1750558857103,79.92,11.508,sell,293581179
1750558857375,79.91,0.126,sell,293581180
1750558858679,79.91,0.325,buy,293581181
1750558858860,79.92,0.451,buy,293581182
1750558860846,79.92,11.755,buy,293581183
1750558861024,79.92,0.13,buy,293581184
1750558861209,79.93,0.325,buy,293581185
1750558863104,79.92,0.126,sell,293581186
1750558863223,79.92,6.13,buy,293581187
1750558865588,79.92,0.491,buy,293581188
1750558865663,79.93,0.545,buy,293581189
1750558865690,79.94,0.451,buy,293581190
1750558866992,79.94,1.25,buy,293581191
1750558867977,79.94,0.26,buy,293581192
1750558869120,79.95,0.451,buy,293581193
1750558870802,79.96,0.325,buy,293581194
1750558872744,79.97,0.451,buy,293581195
1750558874739,79.97,39.386,sell,293581196
1750558874993,79.96,0.126,sell,293581197
1750558875884,79.95,0.126,sell,293581198
1750558875967,79.94,0.22,sell,293581199
1750558876497,79.94,0.195,buy,293581200
1750558879812,79.94,0.66,buy,293581201
1750558879828,79.95,1.13,buy,293581202
1750558883881,79.94,0.507,buy,293581203
1750558884282,79.94,1.088,buy,293581204
1750558887107,79.93,0.195,sell,293581205
1750558889320,79.93,0.195,buy,293581206
1750558889542,79.94,0.451,buy,293581207
1750558889960,79.95,1.195,buy,293581208
1750558889976,79.96,1.181,buy,293581209
1750558890000,79.96,0.451,buy,293581210
1750558890099,79.97,0.325,buy,293581211
1750558890102,79.97,2.5,sell,293581212
1750558890102,79.97,2.5,sell,293581213
1750558890103,79.97,0.302,sell,293581214
1750558891092,79.98,0.455,buy,293581215
1750558891242,79.99,0.451,buy,293581216
1750558893932,80,0.394,buy,293581217
1750558893932,80.01,0.787,buy,293581218
1750558894012,80.01,0.13,buy,293581219
1750558894222,80,0.473,sell,293581220
1750558894225,80,14.997,sell,293581221
1750558894534,80,0.478,buy,293581222
1750558894630,79.99,0.21,sell,293581223
1750558896722,79.99,0.26,buy,293581224
1750558898406,80,0.386,buy,293581225
1750558898583,80,0.13,buy,293581226
1750558898583,80.01,2.369,buy,293581227
1750558899387,79.99,0.22,sell,293581228
1750558899950,79.98,0.126,sell,293581229
1750558899971,79.97,0.22,sell,293581230
1750558902011,79.96,0.126,sell,293581231
1750558902334,79.96,0.195,buy,293581232
1750558905578,79.96,0.748,buy,293581233
1750558907714,79.97,0.451,buy,293581234
1750558910005,79.97,68.432,sell,293581235
1750558910005,79.96,67.533,sell,293581236
1750558910005,79.95,13.335,sell,293581237
1750558910008,79.96,0.195,buy,293581238
1750558911970,79.97,0.873,buy,293581239
1750558912027,79.98,0.451,buy,293581240
1750558912032,79.99,2.362,buy,293581241
1750558912051,79.99,1.181,buy,293581242
1750558912144,79.99,4.862,buy,293581243
1750558913517,79.98,0.126,sell,293581244
1750558913547,79.97,0.22,sell,293581245
1750558914560,79.97,0.421,buy,293581246
1750558915252,79.96,0.126,sell,293581247
1750558916219,79.95,0.126,sell,293581248
1750558916457,79.94,0.195,sell,293581249
1750558918372,79.94,0.307,buy,293581250
1750558920025,79.95,0.325,buy,293581251
1750558920045,79.96,0.451,buy,293581252
1750558921146,79.96,0.195,buy,293581253
1750558921322,79.97,0.451,buy,293581254
1750558922702,79.98,0.52,buy,293581255
1750558924936,79.98,6.524,sell,293581256
1750558924969,79.97,0.126,sell,293581257
1750558928068,79.97,0.26,buy,293581258
1750558928393,79.98,0.125,buy,293581259
1750558929691,79.98,0.326,buy,293581260
1750558930063,79.99,0.451,buy,293581261
1750558932942,79.99,4.289,sell,293581262
1750558932998,79.98,0.22,sell,293581263
1750558933553,79.98,0.096,buy,293581264
1750558934952,79.98,0.405,buy,293581265
1750558936777,79.99,0.451,buy,293581266
1750558937032,79.99,0.165,sell,293581267
1750558939438,80,0.329,buy,293581268
1750558939439,80,0.065,buy,293581269
1750558940387,80,17.366,sell,293581270
1750558943543,80,0.195,buy,293581271
1750558946369,80,0.581,sell,293581272
1750558946372,79.99,3.847,sell,293581273
1750558949403,80,0.198,buy,293581274
1750558951769,80,0.462,buy,293581275
1750558951805,80.01,0.52,buy,293581276
1750558952358,80.02,0.455,buy,293581277
1750558952359,80.02,0.065,buy,293581278
1750558954681,80.01,0.126,sell,293581279
1750558954799,80.01,0.091,buy,293581280
1750558955065,80.01,0.266,buy,293581281
1750558958033,80.01,0.26,buy,293581282
1750558959254,80.01,0.194,sell,293581283
1750558959812,80.02,0.451,buy,293581284
1750558959812,80.03,5.797,buy,293581285
1750558960017,80.03,1.693,buy,293581286
1750558960640,80.02,10.316,sell,293581287
1750558960664,80.01,4.22,sell,293581288
1750558960693,80.01,0.865,buy,293581289
1750558960703,80,0.289,sell,293581290
1750558960764,79.99,0.22,sell,293581291
1750558960770,79.99,1.613,buy,293581292
1750558960770,79.99,0.361,buy,293581293
1750558961025,79.98,1.533,sell,293581294
1750558961027,79.97,10.91,sell,293581295
1750558961028,79.97,15.043,sell,293581296
1750558961446,79.96,0.195,sell,293581297
1750558962108,79.95,0.195,sell,293581298
1750558962111,79.94,0.195,sell,293581299
1750558962123,79.93,1.181,sell,293581300
1750558963864,79.92,0.195,sell,293581301
1750558964401,79.92,5.36,buy,293581302
1750558966809,79.93,0.39,buy,293581303
1750558967208,79.92,0.195,buy,293581304
1750558969383,79.92,0.195,buy,293581305
1750558969699,79.93,0.321,buy,293581306
1750558969782,79.94,0.451,buy,293581307
1750558969868,79.95,0.451,buy,293581308
1750558973519,79.95,0.195,buy,293581309
1750558973600,79.96,0.451,buy,293581310
1750558975048,79.97,2.303,buy,293581311
1750558975113,79.97,0.458,buy,293581312
1750558979669,79.96,0.325,buy,293581313
1750558981773,79.97,0.6,buy,293581314
1750558981855,79.98,1.181,buy,293581315
1750558981902,79.98,0.13,buy,293581316
1750558982040,79.98,6.524,sell,293581317
1750558982103,79.97,0.314,sell,293581318
1750558982369,79.97,0.195,buy,293581319
1750558982871,79.97,0.195,buy,293581320
1750558983103,79.98,0.466,buy,293581321
1750558985903,79.96,0.562,sell,293581322
1750558985921,79.95,1.181,sell,293581323
1750558986995,79.95,0.086,sell,293581324
1750558987486,79.96,0.305,buy,293581325
1750558987487,79.96,0.065,buy,293581326
1750558991631,79.96,6.251,sell,293581327
1750558991632,79.95,10.627,sell,293581328
1750558991640,79.95,1.253,sell,293581329
1750558991642,79.95,1.253,sell,293581330
1750558991642,79.94,7.793,sell,293581331
1750558991642,79.93,3.409,sell,293581332
1750558991652,79.92,13.53,sell,293581333
1750558991656,79.92,9.993,sell,293581334
1750558991657,79.92,8.252,sell,293581335
1750558991657,79.92,13.992,sell,293581336
1750558991657,79.92,3.902,sell,293581337
1750558991658,79.92,25.397,sell,293581338
1750558991658,79.91,12.38,sell,293581339
1750558991675,79.91,12.726,sell,293581340
1750558991681,79.91,13.058,sell,293581341
1750558991681,79.91,12.214,sell,293581342
1750558991682,79.91,9.063,sell,293581343
1750558991692,79.91,14.197,sell,293581344
1750558991703,79.91,10.007,sell,293581345
1750558991715,79.91,6.256,sell,293581346
1750558991715,79.9,19.784,sell,293581347
1750558991715,79.89,5.996,sell,293581348
1750558991724,79.9,3.128,sell,293581349
1750558991779,79.91,12.501,buy,293581350
1750558991925,79.89,2.39,sell,293581351
1750558991944,79.89,2.844,sell,293581352
1750558991954,79.89,3.63,sell,293581353
1750558991955,79.89,0.069,sell,293581354
1750558992071,79.89,1.253,sell,293581355
1750558992301,79.88,0.195,sell,293581356
1750558992569,79.87,0.126,sell,293581357
1750558992738,79.86,4.195,sell,293581358
1750558992992,79.85,0.83,sell,293581359
1750558994262,79.85,10.159,buy,293581360
1750558994392,79.86,0.325,buy,293581361
1750558994556,79.87,12.561,buy,293581362
1750558994556,79.87,7.053,buy,293581363
1750558994600,79.88,12.796,buy,293581364
1750558994600,79.88,14.959,buy,293581365
1750558994608,79.88,3.255,sell,293581366
1750558994661,79.88,0.63,sell,293581367
1750558994674,79.88,0.144,sell,293581368
1750558994687,79.88,0.145,sell,293581369
1750558994702,79.88,0.159,sell,293581370
1750558994705,79.88,34.614,sell,293581371
1750558995883,79.89,0.619,buy,293581372
1750558996631,79.89,0.7,sell,293581373
1750558996655,79.89,9.293,sell,293581374
1750558996963,79.88,0.126,sell,293581375
1750558997705,79.87,0.126,sell,293581376
1750559005537,79.86,0.673,buy,293581377
1750559005541,79.87,16.313,buy,293581378
1750559005545,79.88,24.031,buy,293581379
1750559005575,79.89,6.26,buy,293581380
1750559007807,79.87,6.383,sell,293581381
1750559013601,79.87,3.748,buy,293581382
1750559013603,79.87,3.748,buy,293581383
1750559013606,79.87,0.13,buy,293581384
1750559014821,79.88,0.451,buy,293581385
1750559014821,79.89,0.73,buy,293581386
1750559015341,79.89,11.636,buy,293581387
1750559015343,79.89,0.065,buy,293581388
1750559016042,79.89,0.122,buy,293581389
1750559016453,79.88,6.383,sell,293581390
1750559016453,79.87,2.457,sell,293581391
1750559016458,79.87,15.374,sell,293581392
1750559016478,79.86,11.576,sell,293581393
1750559018195,79.85,5.173,sell,293581394
1750559018821,79.86,0.302,buy,293581395
1750559018906,79.86,0.283,buy,293581396
1750559019273,79.86,0.26,buy,293581397
1750559020259,79.86,0.28,buy,293581398
1750559022920,79.85,0.126,sell,293581399
1750559024635,79.85,0.195,buy,293581400
1750559024773,79.85,0.999,sell,293581401
1750559027613,79.86,1.137,buy,293581402
1750559028634,79.85,18.953,buy,293581403
1750559028642,79.86,7.986,buy,293581404
1750559028643,79.87,18.144,buy,293581405
1750559028667,79.88,4,buy,293581406
1750559028677,79.88,6.261,buy,293581407
1750559029264,79.86,3.771,sell,293581408
1750559032203,79.85,1.187,sell,293581409
1750559034212,79.86,0.522,buy,293581410
1750559034763,79.87,0.451,buy,293581411
1750559037281,79.88,0.52,buy,293581412
1750559038554,79.89,0.451,buy,293581413
1750559039580,79.9,11.705,buy,293581414
1750559039581,79.9,0.065,buy,293581415
1750559042418,79.9,6.256,sell,293581416
1750559042451,79.89,0.126,sell,293581417
1750559047777,79.9,1.84,buy,293581418
1750559049103,79.9,0.188,buy,293581419
1750559050578,79.9,0.138,buy,293581420
1750559052515,79.91,0.321,buy,293581421
1750559053617,79.92,0.687,buy,293581422
1750559057166,79.92,5.036,sell,293581423
1750559058124,79.93,3.255,buy,293581424
1750559058333,79.92,11.211,sell,293581425
1750559058333,79.91,8.769,sell,293581426
1750559063248,79.92,0.084,buy,293581427
1750559064212,79.93,0.08,buy,293581428
1750559064834,79.93,0.25,buy,293581429
1750559071467,79.94,0.235,buy,293581430
1750559071806,79.95,0.195,buy,293581431
1750559071871,79.96,0.383,buy,293581432
1750559071924,79.97,0.798,buy,293581433
1750559071965,79.97,0.159,buy,293581434
1750559072238,79.98,0.069,buy,293581435
1750559072238,79.99,1.112,buy,293581436
1750559072258,79.99,0.163,buy,293581437
1750559073792,80,0.195,buy,293581438
1750559076784,80,0.111,sell,293581439
1750559079378,80.02,0.195,buy,293581440
1750559081315,80.03,0.199,buy,293581441
1750559081816,80.02,0.126,sell,293581442
1750559082258,80.02,0.603,sell,293581443
1750559083360,80.03,0.126,buy,293581444
1750559085180,80.04,0.389,buy,293581445
1750559085182,80.05,0.195,buy,293581446
1750559085195,80.06,1.181,buy,293581447
1750559085504,80.06,4.438,buy,293581448
1750559088693,80.07,0.101,sell,293581449
1750559089631,80.07,0.071,buy,293581450
1750559090117,80.07,0.084,buy,293581451
1750559091230,80.08,0.069,buy,293581452
1750559091230,80.09,1.112,buy,293581453
1750559091288,80.09,0.094,buy,293581454
1750559091835,80.1,0.194,buy,293581455
1750559091840,80.11,3.735,buy,293581456
1750559092777,80.12,0.382,buy,293581457
1750559094924,80.11,0.219,sell,293581458
1750559097403,80.12,0.276,buy,293581459
1750559097471,80.13,0.219,buy,293581460
1750559101626,80.14,0.744,buy,293581461
1750559101669,80.15,23.173,buy,293581462
1750559101669,80.15,7.58,buy,293581463
1750559102996,80.16,1.527,buy,293581464
1750559103261,80.14,0.125,sell,293581465
1750559104032,80.13,0.125,sell,293581466
1750559104851,80.12,0.125,sell,293581467
1750559104907,80.12,1.809,buy,293581468
1750559109894,80.12,3.746,buy,293581469
1750559109895,80.12,3.746,buy,293581470
1750559116593,80.13,0.173,buy,293581471
1750559117766,80.12,1.247,buy,293581472
1750559118475,80.11,15.13,sell,293581473
1750559118523,80.1,0.219,sell,293581474
1750559119002,80.1,0.138,buy,293581475
1750559119122,80.11,1.049,buy,293581476
1750559121338,80.1,0.086,buy,293581477
1750559125474,80.09,15,sell,293581478
1750559125700,80.08,0.194,sell,293581479
1750559126311,80.08,0.387,buy,293581480
1750559127736,80.07,0.125,sell,293581481
1750559127776,80.06,0.258,sell,293581482
1750559128276,80.06,0.238,buy,293581483
1750559133252,80.05,0.126,sell,293581484
1750559137494,80.06,0.126,buy,293581485
1750559139898,80.07,1.417,buy,293581486
1750559140409,80.06,0.188,sell,293581487
1750559141913,80.05,0.126,sell,293581488
1750559146210,80.04,0.195,sell,293581489
1750559146684,80.03,0.126,sell,293581490
1750559146729,80.02,0.446,sell,293581491
1750559146737,80.01,0.22,sell,293581492
1750559148140,80.01,0.822,buy,293581493
1750559149048,80.01,1.241,buy,293581494
1750559150008,80,7.438,sell,293581495
1750559150009,79.99,0.126,sell,293581496
1750559150552,79.98,0.195,sell,293581497
1750559150555,79.97,0.126,sell,293581498
1750559153266,79.96,0.195,sell,293581499
1750559153617,79.95,3.923,sell,293581500
1750559153940,79.94,5.058,sell,293581501
1750559153941,79.93,0.22,sell,293581502
1750559154281,79.93,6.256,buy,293581503
1750559154529,79.93,3.724,buy,293581504
1750559154642,79.92,0.169,sell,293581505
1750559155949,79.92,0.152,sell,293581506
1750559158083,79.92,25,sell,293581507
1750559160143,79.92,0.403,buy,293581508
1750559160206,79.93,0.386,buy,293581509
1750559160219,79.94,0.229,buy,293581510
1750559160469,79.94,0.316,buy,293581511
1750559160925,79.94,0.715,buy,293581512
1750559161102,79.94,0.195,buy,293581513
1750559161323,79.95,0.074,buy,293581514
1750559163212,79.93,0.804,sell,293581515
1750559164657,79.94,0.556,buy,293581516
1750559168256,79.93,0.126,sell,293581517
1750559169558,79.93,0.26,buy,293581518
1750559171207,79.94,0.882,buy,293581519
1750559171212,79.95,0.325,buy,293581520
1750559171328,79.96,1.181,buy,293581521
1750559172540,79.95,10.094,sell,293581522
1750559172540,79.95,21.909,sell,293581523
1750559172540,79.94,15.313,sell,293581524
1750559172541,79.93,0.094,sell,293581525
1750559172541,79.92,3.906,sell,293581526
1750559172597,79.92,0.195,buy,293581527
1750559175178,79.91,0.195,sell,293581528
1750559176695,79.91,1.239,buy,293581529
1750559177358,79.91,18.771,buy,293581530
1750559178599,79.91,0.222,buy,293581531
1750559179047,79.9,1.181,sell,293581532
1750559179049,79.9,0.014,sell,293581533
1750559182029,79.89,0.126,sell,293581534
1750559182037,79.88,0.258,sell,293581535
1750559183225,79.88,0.467,buy,293581536
1750559183413,79.89,0.451,buy,293581537
1750559183413,79.9,0.73,buy,293581538
1750559188055,79.89,0.104,buy,293581539
1750559192075,79.88,6.348,sell,293581540
1750559192080,79.87,0.37,sell,293581541
1750559192088,79.86,21.66,sell,293581542
1750559192089,79.86,6.55,sell,293581543
1750559192090,79.85,7.962,sell,293581544
1750559192100,79.85,11.313,sell,293581545
1750559192101,79.85,16.875,sell,293581546
1750559192103,79.85,8.034,sell,293581547
1750559192114,79.84,21.41,sell,293581548
1750559192125,79.84,8.951,sell,293581549
1750559192156,79.83,0.069,sell,293581550
1750559192357,79.83,0.126,sell,293581551
1750559192357,79.82,4.063,sell,293581552
1750559192379,79.83,0.247,buy,293581553
1750559192581,79.82,7.763,sell,293581554
1750559192699,79.82,0.263,buy,293581555
1750559192700,79.82,0.113,buy,293581556
1750559192836,79.81,0.195,sell,293581557
1750559193614,79.8,3.13,sell,293581558
1750559193616,79.79,0.219,sell,293581559
1750559193620,79.79,2.016,buy,293581560
1750559194317,79.78,2.415,sell,293581561
1750559194599,79.77,0.1,sell,293581562
1750559195571,79.78,2.458,buy,293581563
1750559195807,79.78,0.51,buy,293581564
1750559196127,79.77,7,sell,293581565
1750559196128,79.77,1.181,sell,293581566
1750559196128,79.77,1.18,sell,293581567
1750559196129,79.77,1.181,sell,293581568
1750559196129,79.77,1.181,sell,293581569
1750559196129,79.77,1.181,sell,293581570
1750559196130,79.77,1.512,sell,293581571
1750559196130,79.77,1.512,sell,293581572
1750559196130,79.77,1.41,sell,293581573
1750559196217,79.76,0.907,sell,293581574
1750559196502,79.77,0.324,buy,293581575
1750559196633,79.78,0.39,buy,293581576
1750559196633,79.78,0.061,buy,293581577
1750559196705,79.79,0.325,buy,293581578
1750559196935,79.8,0.065,buy,293581579
1750559197836,79.78,0.195,buy,293581580
1750559197997,79.79,0.26,buy,293581581
1750559199127,79.8,0.129,buy,293581582
1750559199484,79.79,7.29,sell,293581583
1750559200769,79.8,0.078,buy,293581584
1750559200775,79.8,0.961,buy,293581585
1750559201648,79.8,0.28,buy,293581586
1750559202002,79.79,30.352,sell,293581587
1750559203643,79.79,13.295,buy,293581588
1750559203643,79.79,6.768,buy,293581589
1750559204218,79.8,3.576,buy,293581590
1750559204218,79.8,6.677,buy,293581591
1750559204218,79.81,32.206,buy,293581592
1750559204315,79.82,1.181,buy,293581593
1750559204320,79.82,9.292,buy,293581594
1750559205227,79.81,0.195,buy,293581595
1750559206934,79.82,0.331,buy,293581596
1750559206949,79.83,0.451,buy,293581597
1750559207016,79.84,0.73,buy,293581598
1750559207722,79.84,0.459,buy,293581599
1750559212901,79.82,16.381,sell,293581600
1750559213119,79.82,2.001,buy,293581601
1750559213806,79.81,0.126,sell,293581602
1750559214381,79.81,1.561,buy,293581603
1750559214428,79.81,0.13,buy,293581604
1750559217348,79.81,2.754,buy,293581605
1750559222054,79.8,6.455,sell,293581606
1750559222102,79.79,0.094,sell,293581607
1750559222311,79.79,0.26,buy,293581608
1750559223907,79.79,0.089,buy,293581609
1750559226534,79.79,0.464,buy,293581610
1750559226537,79.79,0.065,buy,293581611
1750559229744,79.78,0.355,sell,293581612
1750559229787,79.77,0.22,sell,293581613
1750559229825,79.77,4.091,buy,293581614
1750559229897,79.77,8.612,buy,293581615
1750559229900,79.77,0.13,buy,293581616
1750559231161,79.78,0.297,buy,293581617
1750559232702,79.78,0.511,buy,293581618
1750559233312,79.79,0.198,buy,293581619
1750559233722,79.79,0.318,buy,293581620
1750559234975,79.8,0.281,buy,293581621
1750559235411,79.79,0.1,sell,293581622
1750559240376,79.78,0.137,buy,293581623
1750559240655,79.77,0.126,sell,293581624
1750559240770,79.77,25.896,buy,293581625
1750559240772,79.77,0.066,buy,293581626
1750559240834,79.78,2.362,buy,293581627
1750559242790,79.78,0.091,buy,293581628
1750559243044,79.78,0.646,buy,293581629
1750559243121,79.79,2.362,buy,293581630
1750559244904,79.79,0.479,buy,293581631
1750559245202,79.78,3.208,sell,293581632
1750559248915,79.78,0.404,sell,293581633
1750559260010,79.77,0.15,sell,293581634
1750559260562,79.78,0.325,buy,293581635
1750559260575,79.79,14.54,buy,293581636
1750559261291,79.8,0.495,buy,293581637
1750559261378,79.81,0.52,buy,293581638
1750559261552,79.82,0.52,buy,293581639
1750559263875,79.83,0.846,buy,293581640
1750559263876,79.83,0.065,buy,293581641
1750559266296,79.82,0.126,sell,293581642
1750559266857,79.81,15.126,sell,293581643
1750559266898,79.8,0.132,sell,293581644
1750559267001,79.8,1.181,sell,293581645
1750559267084,79.79,0.22,sell,293581646
1750559267243,79.79,11.812,buy,293581647
1750559267257,79.79,1.181,buy,293581648
1750559267448,79.79,5.37,buy,293581649
1750559267448,79.8,13.557,buy,293581650
1750559269712,79.8,1.002,buy,293581651
1750559272798,79.8,0.573,buy,293581652
1750559272798,79.81,0.514,buy,293581653
1750559276019,79.82,1.874,buy,293581654
1750559277713,79.81,5.178,sell,293581655
1750559278349,79.81,1.872,sell,293581656
1750559289598,79.81,0.614,sell,293581657
1750559293071,79.82,0.713,buy,293581658
1750559293271,79.82,0.286,buy,293581659
1750559293273,79.82,0.065,buy,293581660
1750559296586,79.83,0.451,buy,293581661
1750559297968,79.84,0.187,buy,293581662
1750559298034,79.84,0.268,buy,293581663
1750559298036,79.84,0.065,buy,293581664
1750559298115,79.85,1.181,buy,293581665
1750559298120,79.85,0.13,buy,293581666
1750559300775,79.84,0.126,sell,293581667
1750559306849,79.84,0.543,buy,293581668
1750559306862,79.85,1.181,buy,293581669
1750559307082,79.85,0.13,buy,293581670
1750559307321,79.86,0.391,buy,293581671
1750559307500,79.86,0.125,buy,293581672
1750559308564,79.86,10.06,buy,293581673
1750559309024,79.87,0.52,buy,293581674
1750559309041,79.88,0.52,buy,293581675
1750559309341,79.89,0.46,buy,293581676
1750559309345,79.89,0.06,buy,293581677
1750559309507,79.9,0.52,buy,293581678
1750559309507,79.91,0.079,buy,293581679
1750559309623,79.91,10.369,buy,293581680
1750559309651,79.91,0.13,buy,293581681
1750559309979,79.92,0.4,buy,293581682
1750559310507,79.92,0.599,buy,293581683
1750559310605,79.92,0.112,buy,293581684
1750559310694,79.93,0.329,buy,293581685
1750559310696,79.93,0.065,buy,293581686
1750559310948,79.93,0.798,sell,293581687
1750559310974,79.94,0.4,buy,293581688
1750559311038,79.94,0.185,buy,293581689
1750559311509,79.95,0.599,buy,293581690
1750559311956,79.95,0.4,buy,293581691
1750559312511,79.94,0.6,buy,293581692
1750559312584,79.93,0.126,sell,293581693
1750559312968,79.93,0.4,buy,293581694
1750559313512,79.93,0.6,buy,293581695
1750559313959,79.93,0.4,buy,293581696
1750559315726,79.92,0.126,sell,293581697
1750559318781,79.92,0.325,buy,293581698
1750559319307,79.93,0.386,buy,293581699
1750559319355,79.94,0.1,buy,293581700
1750559319385,79.94,0.29,buy,293581701
1750559320386,79.95,0.328,buy,293581702
1750559320388,79.95,0.065,buy,293581703
1750559320503,79.96,0.772,buy,293581704
1750559320965,79.97,0.325,buy,293581705
1750559321023,79.98,1.254,buy,293581706
1750559321566,79.98,0.325,buy,293581707
1750559321566,79.99,0.146,buy,293581708
1750559322166,79.99,0.451,buy,293581709
1750559322408,80,4.672,buy,293581710
1750559322559,80.01,0.451,buy,293581711
1750559322559,80.02,0.677,buy,293581712
1750559325978,80.02,1.128,sell,293581713
1750559326063,80.02,1.181,sell,293581714
1750559326068,80.02,1.181,sell,293581715
1750559326082,80.02,0.513,sell,293581716
1750559326191,80.03,11.795,buy,293581717
1750559326512,80.04,0.417,buy,293581718
1750559326825,80.04,2.365,buy,293581719
1750559327764,80.05,0.166,buy,293581720
1750559330733,80.05,1.249,buy,293581721
1750559330739,80.05,2.89,buy,293581722
1750559331560,80.06,0.26,buy,293581723
1750559331572,80.07,0.125,buy,293581724
1750559332666,80.07,5.728,sell,293581725
1750559336072,80.08,0.405,buy,293581726
1750559336509,80.07,0.125,sell,293581727
1750559338279,80.09,0.312,buy,293581728
1750559339680,80.09,21.341,buy,293581729
1750559341642,80.09,5.732,sell,293581730
1750559341709,80.08,0.188,sell,293581731
1750559342346,80.07,0.374,sell,293581732
1750559342359,80.06,0.189,sell,293581733
1750559344368,80.07,13.792,buy,293581734
1750559344368,80.07,1.187,buy,293581735
1750559344497,80.08,0.1,buy,293581736
1750559344822,80.08,0.16,buy,293581737
1750559345311,80.09,0.125,buy,293581738
1750559346637,80.1,0.194,buy,293581739
1750559351100,80.11,1.39,buy,293581740
1750559353178,80.12,0.194,buy,293581741
1750559367797,80.11,0.125,sell,293581742
1750559368952,80.11,1.548,buy,293581743
1750559370170,80.1,0.125,sell,293581744
1750559372843,80.09,0.125,sell,293581745
1750559372923,80.08,0.257,sell,293581746
1750559374375,80.06,16.768,sell,293581747
1750559374375,80.05,6.531,sell,293581748
1750559375953,80.06,10,buy,293581749
1750559376077,80.06,0.4,buy,293581750
1750559376077,80.07,0.06,buy,293581751
1750559377089,80.05,0.126,sell,293581752
1750559379182,80.05,0.07,buy,293581753
1750559379961,80.04,0.195,sell,293581754
1750559380046,80.04,1.7,buy,293581755
1750559380638,80.03,0.126,sell,293581756
1750559381982,80.04,1.204,buy,293581757
1750559383824,80.02,0.195,sell,293581758
1750559386418,80.02,0.412,buy,293581759
1750559388492,80.02,0.189,sell,293581760
1750559393997,80.02,0.151,buy,293581761
1750559398638,80.01,0.126,sell,293581762
1750559400053,80.02,0.126,buy,293581763
1750559403322,80.01,0.126,sell,293581764
1750559403870,80,0.258,sell,293581765
1750559404185,79.99,0.126,sell,293581766
1750559411419,79.99,0.609,buy,293581767
1750559411486,80,0.126,buy,293581768
1750559411563,80.01,0.069,buy,293581769
1750559411836,80.02,10.119,buy,293581770
1750559413733,80.03,0.126,buy,293581771
1750559415329,80.03,5,sell,293581772
1750559415902,80.02,0.126,sell,293581773
1750559419389,80.03,0.429,buy,293581774
1750559419580,80.04,0.195,buy,293581775
1750559425443,80.05,0.339,buy,293581776
1750559425903,80.05,0.28,buy,293581777
1750559426815,80.05,1.424,buy,293581778
1750559427378,80.04,1.136,sell,293581779
1750559431122,80.05,0.74,buy,293581780
1750559431859,80.04,1.397,sell,293581781
1750559431998,80.03,1.814,sell,293581782
1750559432066,80.03,1.436,buy,293581783
1750559432355,80.03,0.105,buy,293581784
1750559432824,80.03,0.729,buy,293581785
1750559434887,80.02,12.56,sell,293581786
1750559434892,80.02,1.126,buy,293581787
1750559434893,80.02,1.248,buy,293581788
1750559434900,80.01,0.22,sell,293581789
1750559435748,80.01,0.352,buy,293581790
1750559436097,80.01,1.412,sell,293581791
1750559438483,80,0.758,sell,293581792
1750559440167,79.99,0.069,sell,293581793
1750559442299,79.98,10.343,sell,293581794
1750559442299,79.97,4.299,sell,293581795
1750559442302,79.98,0.361,buy,293581796
1750559442303,79.98,1.613,buy,293581797
1750559442381,79.98,0.36,buy,293581798
1750559442381,79.98,1.613,buy,293581799
1750559442504,79.98,0.219,buy,293581800
1750559442937,79.99,0.595,buy,293581801
1750559443057,80,0.126,buy,293581802
1750559443293,80,9.993,sell,293581803
1750559443293,79.99,18.124,sell,293581804
1750559443296,79.99,3.339,sell,293581805
1750559443296,79.98,76.854,sell,293581806
1750559443296,79.97,35.897,sell,293581807
1750559443699,79.99,0.126,buy,293581808
1750559446666,79.99,0.076,buy,293581809
1750559447111,79.98,0.126,sell,293581810
1750559447131,79.97,0.187,sell,293581811
1750559447851,79.97,0.5,sell,293581812
1750559451425,79.96,0.132,sell,293581813
1750559453760,79.95,0.126,sell,293581814
1750559453760,79.94,1.596,sell,293581815
1750559453760,79.93,10.808,sell,293581816
1750559454748,79.93,0.126,sell,293581817
1750559455012,79.92,0.258,sell,293581818
1750559455215,79.91,0.126,sell,293581819
1750559455939,79.9,0.195,sell,293581820
1750559456560,79.89,1.463,sell,293581821
1750559456560,79.89,13.537,sell,293581822
1750559456562,79.88,0.132,sell,293581823
1750559458387,79.87,4.671,buy,293581824
1750559458731,79.88,0.126,buy,293581825
1750559458968,79.88,0.094,sell,293581826
1750559460568,79.88,9.993,buy,293581827
1750559460568,79.89,0.586,buy,293581828
1750559463000,79.89,3.515,buy,293581829
1750559465104,79.88,0.154,sell,293581830
1750559465155,79.88,11.498,sell,293581831
1750559465448,79.89,0.284,buy,293581832
1750559465502,79.9,0.22,buy,293581833
1750559466095,79.91,5,buy,293581834
1750559466112,79.92,0.195,buy,293581835
1750559467292,79.93,0.1,buy,293581836
1750559471037,79.91,0.295,sell,293581837
1750559473535,79.9,0.126,sell,293581838
1750559477181,79.9,1.737,buy,293581839
1750559477192,79.9,0.706,buy,293581840
1750559477421,79.89,0.378,sell,293581841
1750559477579,79.89,0.126,sell,293581842
1750559478435,79.88,0.529,sell,293581843
1750559479796,79.87,0.126,sell,293581844
1750559480479,79.88,0.126,buy,293581845
1750559480588,79.88,0.251,sell,293581846
1750559483293,79.88,23.543,sell,293581847
1750559484634,79.88,3.972,sell,293581848
1750559485334,79.89,2.416,buy,293581849
1750559488259,79.89,0.086,buy,293581850
1750559489985,79.88,14.406,sell,293581851
1750559489986,79.88,1.924,sell,293581852
1750559489990,79.87,0.22,sell,293581853
1750559494819,79.87,1.252,buy,293581854
1750559495448,79.86,0.195,sell,293581855
1750559499310,79.85,0.195,sell,293581856
1750559503425,79.85,0.28,buy,293581857
1750559506404,79.85,1.315,buy,293581858
1750559506557,79.85,1.828,buy,293581859
1750559510429,79.86,1.135,buy,293581860
1750559510434,79.87,0.451,buy,293581861
1750559511770,79.87,9.602,sell,293581862
1750559512498,79.88,0.451,buy,293581863
1750559512732,79.89,0.325,buy,293581864
1750559514442,79.9,0.266,buy,293581865
1750559515070,79.88,4.258,sell,293581866
1750559515079,79.87,0.126,sell,293581867
1750559515398,79.86,0.126,sell,293581868
1750559515470,79.85,0.22,sell,293581869
1750559516588,79.84,15.195,sell,293581870
1750559517384,79.83,5.583,sell,293581871
1750559517781,79.84,10,buy,293581872
1750559520147,79.83,9.612,sell,293581873
1750559520150,79.82,0.195,sell,293581874
1750559520338,79.81,0.376,sell,293581875
1750559520539,79.82,0.25,buy,293581876
1750559521105,79.82,0.448,buy,293581877
1750559521106,79.82,0.065,buy,293581878
1750559521210,79.83,0.451,buy,293581879
1750559521707,79.84,0.451,buy,293581880
1750559524060,79.85,2.764,buy,293581881
1750559526569,79.84,0.126,sell,293581882
1750559526669,79.83,0.126,sell,293581883
1750559528785,79.83,1.927,buy,293581884
1750559528792,79.83,1.014,sell,293581885
1750559529292,79.83,22.948,sell,293581886
1750559530656,79.84,7.515,buy,293581887
1750559531755,79.84,0.981,buy,293581888
1750559537583,79.83,0.126,sell,293581889
1750559537651,79.83,0.517,buy,293581890
1750559540483,79.82,1.194,sell,293581891
1750559540491,79.81,0.126,sell,293581892
1750559540874,79.8,2.661,sell,293581893
1750559542292,79.8,0.195,buy,293581894
1750559543867,79.81,1.448,buy,293581895
1750559543872,79.81,0.18,buy,293581896
1750559543967,79.82,0.734,buy,293581897
1750559543968,79.82,0.224,buy,293581898
1750559545117,79.81,0.126,sell,293581899
1750559545295,79.8,0.126,sell,293581900
1750559545799,79.79,0.195,sell,293581901
1750559546417,79.79,0.195,buy,293581902
1750559548260,79.79,0.314,sell,293581903
1750559548755,79.8,0.082,buy,293581904
1750559548855,79.79,0.107,sell,293581905
1750559551125,79.8,0.437,buy,293581906
1750559552300,79.79,0.682,buy,293581907
1750559552417,79.8,0.574,buy,293581908
1750559554856,79.81,0.375,buy,293581909
1750559555879,79.79,0.126,sell,293581910
1750559556362,79.79,0.195,buy,293581911
1750559557478,79.79,0.075,sell,293581912
1750559559958,79.78,1.536,sell,293581913
1750559560204,79.77,0.195,sell,293581914
1750559561655,79.76,0.204,sell,293581915
1750559565355,79.76,0.195,sell,293581916
1750559565797,79.75,9.997,sell,293581917
1750559570492,79.74,13.1,sell,293581918
1750559572031,79.73,0.069,sell,293581919
1750559572839,79.73,2.352,buy,293581920
1750559573720,79.73,0.372,buy,293581921
1750559573784,79.74,0.546,buy,293581922
1750559574130,79.75,0.451,buy,293581923
1750559574144,79.76,1.181,buy,293581924
1750559575912,79.75,0.788,buy,293581925
1750559578597,79.75,0.633,buy,293581926
1750559578780,79.76,0.39,buy,293581927
1750559578783,79.76,0.126,buy,293581928
1750559580007,79.77,0.325,buy,293581929
1750559582177,79.76,0.126,sell,293581930
1750559586994,79.75,1.519,sell,293581931
1750559588887,79.76,9.654,buy,293581932
1750559594178,79.75,3.807,sell,293581933
1750559594180,79.74,0.189,sell,293581934
1750559594217,79.73,1.181,sell,293581935
1750559596090,79.74,0.352,buy,293581936
1750559596152,79.75,1.924,buy,293581937
1750559596261,79.75,0.157,sell,293581938
1750559602233,79.74,0.173,sell,293581939
1750559603592,79.75,0.589,buy,293581940
1750559603617,79.76,5.664,buy,293581941
1750559606169,79.75,6.392,sell,293581942
1750559608778,79.75,1.427,buy,293581943
1750559611665,79.76,0.126,buy,293581944
1750559613757,79.77,0.391,buy,293581945
1750559613896,79.78,0.39,buy,293581946
1750559613914,79.79,0.791,buy,293581947
1750559613946,79.79,3.869,buy,293581948
1750559614143,79.8,0.195,buy,293581949
1750559614472,79.81,0.195,buy,293581950
1750559614764,79.82,0.195,buy,293581951
1750559614785,79.83,0.195,buy,293581952
1750559614785,79.84,0.986,buy,293581953
1750559615293,79.84,0.132,buy,293581954
1750559615357,79.84,9.861,buy,293581955
1750559616642,79.84,0.309,buy,293581956
1750559617401,79.83,0.126,sell,293581957
1750559617401,79.82,0.034,sell,293581958
1750559620327,79.84,1.127,buy,293581959
1750559620558,79.84,0.251,buy,293581960
1750559623233,79.84,0.229,buy,293581961
1750559623251,79.85,1.181,buy,293581962
1750559623770,79.85,0.64,buy,293581963
1750559623784,79.86,1.181,buy,293581964
1750559623809,79.86,0.125,buy,293581965
1750559624338,79.87,0.195,buy,293581966
1750559626974,79.88,0.126,buy,293581967
1750559626976,79.89,0.195,buy,293581968
1750559626978,79.9,0.069,buy,293581969
1750559627577,79.88,0.126,sell,293581970
1750559628334,79.9,4,buy,293581971
1750559628335,79.9,17.312,buy,293581972
1750559628339,79.91,0.125,buy,293581973
1750559628339,79.91,0.125,buy,293581974
1750559628340,79.91,6.009,buy,293581975
1750559628432,79.91,0.376,sell,293581976
1750559628457,79.91,0.251,sell,293581977
1750559629246,79.91,0.312,buy,293581978
1750559629471,79.91,0.126,sell,293581979
1750559629471,79.91,0.251,sell,293581980
1750559630675,79.92,0.378,buy,293581981
1750559630684,79.93,0.22,buy,293581982
1750559631432,79.94,0.195,buy,293581983
1750559632768,79.95,0.266,buy,293581984
1750559632822,79.96,1.181,buy,293581985
1750559634704,79.96,0.195,buy,293581986
1750559635987,79.96,6.25,sell,293581987
1750559636016,79.95,1.181,sell,293581988
1750559637244,79.97,3.609,buy,293581989
1750559637443,79.98,0.289,buy,293581990
1750559637825,79.99,0.126,buy,293581991
1750559640158,79.98,0.126,sell,293581992
1750559640880,79.97,0.22,sell,293581993
1750559640918,79.96,1.181,sell,293581994
1750559641762,79.95,50.344,sell,293581995
1750559641762,79.95,14.554,sell,293581996
1750559641763,79.95,0.847,sell,293581997
1750559641763,79.95,0.851,sell,293581998
1750559641763,79.95,0.851,sell,293581999
1750559641763,79.95,0.851,sell,293582000
1750559641763,79.95,0.851,sell,293582001
1750559641765,79.95,6.77,sell,293582002
1750559641842,79.94,0.126,sell,293582003
1750559641853,79.93,0.914,sell,293582004
1750559643152,79.92,0.126,sell,293582005
1750559643666,79.91,0.126,sell,293582006
1750559643761,79.9,0.126,sell,293582007
1750559644696,79.89,0.126,sell,293582008
1750559647517,79.88,0.195,sell,293582009
1750559650022,79.88,0.173,buy,293582010
1750559650496,79.87,0.126,sell,293582011
1750559651369,79.86,0.195,sell,293582012
1750559651439,79.85,0.126,sell,293582013
1750559652144,79.84,0.063,sell,293582014
1750559652449,79.84,0.126,buy,293582015
1750559653306,79.85,0.204,buy,293582016
1750559654603,79.86,0.157,buy,293582017
1750559656573,79.87,0.22,buy,293582018
1750559656777,79.87,0.156,sell,293582019
1750559658368,79.88,0.126,buy,293582020
1750559658503,79.88,26.839,sell,293582021
1750559658565,79.87,0.126,sell,293582022
1750559659606,79.86,5.311,sell,293582023
1750559660151,79.86,2.085,sell,293582024
1750559660196,79.86,2.723,sell,293582025
1750559660196,79.85,29.235,sell,293582026
1750559660196,79.84,76.296,sell,293582027
1750559660196,79.83,86.612,sell,293582028
1750559660200,79.84,0.962,buy,293582029
1750559660379,79.84,10.123,buy,293582030
1750559660381,79.84,0.065,buy,293582031
1750559660383,79.85,10.314,buy,293582032
1750559662177,79.84,0.26,buy,293582033
1750559667845,79.85,0.252,buy,293582034
1750559668006,79.85,0.264,buy,293582035
1750559668024,79.86,2.098,buy,293582036
1750559668155,79.86,0.084,buy,293582037
1750559674978,79.84,15.126,sell,293582038
1750559674980,79.83,0.126,sell,293582039
1750559677148,79.83,1.046,buy,293582040
1750559679355,79.83,0.424,buy,293582041
1750559679504,79.84,0.451,buy,293582042
1750559679844,79.85,0.451,buy,293582043
1750559684610,79.86,2.527,buy,293582044
1750559685050,79.87,0.451,buy,293582045
1750559685050,79.88,0.73,buy,293582046
1750559685271,79.88,0.52,buy,293582047
1750559685490,79.89,0.451,buy,293582048
1750559686670,79.9,0.455,buy,293582049
1750559686671,79.9,0.065,buy,293582050
1750559688061,79.9,7,sell,293582051
1750559688864,79.9,6.255,sell,293582052
1750559688868,79.89,0.126,sell,293582053
1750559693308,79.89,0.125,buy,293582054
1750559693611,79.89,0.313,buy,293582055
1750559694804,79.88,0.562,sell,293582056
1750559695973,79.87,0.126,sell,293582057
1750559696494,79.86,0.126,sell,293582058
1750559696494,79.85,0.22,sell,293582059
1750559698833,79.86,0.913,buy,293582060
1750559698833,79.87,0.051,buy,293582061
1750559700364,79.86,0.063,sell,293582062
1750559701865,79.87,10.393,buy,293582063
1750559701865,79.88,15.238,buy,293582064
1750559702825,79.86,0.126,sell,293582065
1750559703232,79.86,0.26,buy,293582066
1750559703877,79.86,19.941,sell,293582067
1750559703877,79.86,3.769,sell,293582068
1750559703877,79.85,20.392,sell,293582069
1750559703877,79.84,55.4,sell,293582070
1750559703877,79.83,18.157,sell,293582071
1750559703879,79.84,4,sell,293582072
1750559703879,79.83,6.66,sell,293582073
1750559703879,79.82,5.093,sell,293582074
1750559703912,79.82,2.145,sell,293582075
1750559704147,79.82,0.126,sell,293582076
1750559708351,79.82,12.927,buy,293582077
1750559709648,79.81,0.195,sell,293582078
1750559711888,79.81,1.56,buy,293582079
1750559712504,79.8,0.195,sell,293582080
1750559715288,79.8,0.849,buy,293582081
1750559715798,79.81,0.39,buy,293582082
1750559715798,79.81,0.061,buy,293582083
1750559715820,79.82,0.451,buy,293582084
1750559715941,79.83,0.73,buy,293582085
1750559716020,79.83,0.195,buy,293582086
1750559716131,79.84,0.708,buy,293582087
1750559716131,79.85,0.473,buy,293582088
1750559716144,79.85,1.181,buy,293582089
1750559716253,79.84,0.155,sell,293582090
1750559717235,79.85,0.29,buy,293582091
1750559720384,79.83,0.126,sell,293582092
1750559721210,79.83,0.239,buy,293582093
1750559721210,79.83,0.072,buy,293582094
1750559721210,79.84,0.87,buy,293582095
1750559721221,79.84,1.181,buy,293582096
1750559725581,79.82,0.354,sell,293582097
1750559727611,79.82,0.126,sell,293582098
1750559727816,79.81,0.126,sell,293582099
1750559728511,79.81,0.13,buy,293582100
1750559729183,79.81,0.195,buy,293582101
1750559729260,79.82,0.419,buy,293582102
1750559729260,79.83,0.762,buy,293582103
1750559729329,79.83,0.545,buy,293582104
1750559732472,79.82,0.126,sell,293582105
1750559733785,79.82,5.878,buy,293582106
1750559736073,79.82,0.087,buy,293582107
1750559737161,79.81,5.801,sell,293582108
1750559737665,79.82,10.37,buy,293582109
1750559737667,79.82,0.065,buy,293582110
1750559737944,79.83,0.325,buy,293582111
1750559738044,79.84,1.299,buy,293582112
1750559742140,79.83,0.126,sell,293582113
1750559744266,79.83,0.5,buy,293582114
1750559747984,79.82,0.195,sell,293582115
1750559748018,79.81,1.181,sell,293582116
1750559748228,79.81,0.26,buy,293582117
1750559750910,79.8,0.195,sell,293582118
1750559750911,79.79,0.309,sell,293582119
1750559751027,79.79,5.394,sell,293582120
1750559752270,79.8,1.181,buy,293582121
1750559752308,79.8,0.13,buy,293582122
1750559752325,79.81,1.455,buy,293582123
1750559752325,79.81,0.777,buy,293582124
1750559756551,79.8,6.263,sell,293582125
1750559756662,79.79,0.289,sell,293582126
1750559757220,79.78,0.258,sell,293582127
1750559757302,79.78,0.213,buy,293582128
1750559757332,79.77,0.195,sell,293582129
1750559758093,79.76,0.258,sell,293582130
1750559758093,79.75,0.646,sell,293582131
1750559759957,79.75,0.142,sell,293582132
1750559760400,79.76,0.283,buy,293582133
1750559762402,79.76,0.395,buy,293582134
1750559763322,79.77,0.451,buy,293582135
1750559763512,79.77,0.155,sell,293582136
1750559764985,79.78,0.325,buy,293582137
1750559765443,79.79,0.451,buy,293582138
1750559765503,79.8,0.641,buy,293582139
1750559765788,79.8,12.142,sell,293582140
1750559765789,79.8,2.105,sell,293582141
1750559765789,79.8,10.623,sell,293582142
1750559765792,79.79,0.22,sell,293582143
1750559765837,79.78,10.046,sell,293582144
1750559765844,79.77,4,sell,293582145
1750559767437,79.77,0.126,sell,293582146
1750559772702,79.77,0.325,buy,293582147
1750559773365,79.78,0.39,buy,293582148
1750559773365,79.78,0.061,buy,293582149
1750559774572,79.79,0.451,buy,293582150
1750559778173,79.8,0.468,buy,293582151
1750559778175,79.8,0.065,buy,293582152
1750559778187,79.81,0.451,buy,293582153
1750559778217,79.82,0.73,buy,293582154
1750559778588,79.82,0.159,buy,293582155
1750559780711,79.81,0.932,buy,293582156
1750559785202,79.81,0.284,buy,293582157
1750559787575,79.8,0.126,sell,293582158
1750559789591,79.8,0.331,buy,293582159
1750559790777,79.81,0.386,buy,293582160
1750559790777,79.82,0.626,buy,293582161
1750559790778,79.82,0.169,buy,293582162
1750559790903,79.82,0.451,buy,293582163
1750559796383,79.82,0.818,sell,293582164
1750559796702,79.82,0.368,sell,293582165
1750559799816,79.83,0.669,buy,293582166
1750559801138,79.84,0.766,buy,293582167
1750559801376,79.85,0.678,buy,293582168
