timestamp,price,quantity,side,tradeId
1750611600674,78.51,0.468,sell,293660420
1750611601952,78.5,0.468,sell,293660421
1750611602107,78.5,0.488,buy,293660422
1750611602483,78.5,4.327,buy,293660423
1750611602563,78.51,4.4,buy,293660424
1750611602650,78.52,0.467,buy,293660425
1750611602651,78.53,0.224,buy,293660426
1750611604216,78.53,1.272,sell,293660427
1750611605966,78.54,0.127,buy,293660428
1750611606421,78.54,0.001,buy,293660429
1750611609199,78.55,0.273,buy,293660430
1750611609216,78.55,0.313,buy,293660431
1750611609330,78.55,6.482,buy,293660432
1750611609330,78.56,3.382,buy,293660433
1750611609431,78.56,0.763,buy,293660434
1750611610324,78.55,0.272,sell,293660435
1750611610868,78.54,1.964,sell,293660436
1750611610919,78.54,0.113,buy,293660437
1750611611699,78.53,1.273,sell,293660438
1750611611975,78.53,0.594,sell,293660439
1750611612029,78.52,0.564,sell,293660440
1750611612086,78.51,5.191,sell,293660441
1750611614446,78.5,0.468,sell,293660442
1750611616704,78.49,10.091,sell,293660443
1750611616708,78.48,6.999,sell,293660444
1750611616718,78.48,0.068,sell,293660445
1750611616718,78.47,0.003,sell,293660446
1750611616862,78.47,0.864,sell,293660447
1750611616965,78.48,0.94,buy,293660448
1750611616974,78.48,1.4,buy,293660449
1750611617613,78.48,0.444,buy,293660450
1750611617885,78.48,1.525,buy,293660451
1750611618302,78.48,27.053,buy,293660452
1750611619292,78.5,0.128,buy,293660453
1750611619345,78.51,0.224,buy,293660454
1750611619507,78.52,2.064,buy,293660455
1750611619908,78.53,0.128,buy,293660456
1750611620848,78.54,1.386,buy,293660457
1750611622774,78.54,1.181,buy,293660458
1750611622793,78.54,1.181,buy,293660459
1750611622813,78.54,1.181,buy,293660460
1750611622834,78.54,0.457,buy,293660461
1750611622920,78.55,0.724,buy,293660462
1750611623026,78.54,18.261,sell,293660463
1750611623027,78.54,0.068,sell,293660464
1750611623468,78.53,4.38,sell,293660465
1750611623779,78.52,0.272,sell,293660466
1750611624300,78.52,1.284,sell,293660467
1750611625243,78.52,0.204,sell,293660468
1750611625825,78.51,0.963,sell,293660469
1750611625970,78.5,0.468,sell,293660470
1750611626276,78.5,1,buy,293660471
1750611626277,78.49,0.34,sell,293660472
1750611626277,78.49,0.06,sell,293660473
1750611627474,78.49,0.511,buy,293660474
1750611627635,78.49,14.916,buy,293660475
1750611628255,78.5,0.102,buy,293660476
1750611629086,78.49,0.327,sell,293660477
1750611629206,78.48,0.247,sell,293660478
1750611629330,78.49,0.254,buy,293660479
1750611629828,78.48,0.36,sell,293660480
1750611630710,78.48,6.986,buy,293660481
1750611630796,78.47,0.103,sell,293660482
1750611631434,78.47,0.297,sell,293660483
1750611631436,78.47,0.068,sell,293660484
1750611631466,78.46,0.635,sell,293660485
1750611633111,78.45,0.272,sell,293660486
1750611633120,78.45,0.136,sell,293660487
1750611633224,78.44,0.667,sell,293660488
1750611633841,78.43,10.265,sell,293660489
1750611633843,78.43,0.068,sell,293660490
1750611634355,78.43,0.103,buy,293660491
1750611635948,78.43,1.181,buy,293660492
1750611636022,78.43,2.228,buy,293660493
1750611636106,78.44,0.129,buy,293660494
1750611636119,78.44,1.181,buy,293660495
1750611636164,78.44,0.136,buy,293660496
1750611636197,78.45,0.127,buy,293660497
1750611636786,78.45,0.468,buy,293660498
1750611636902,78.46,0.468,buy,293660499
1750611636902,78.47,1.426,buy,293660500
1750611636903,78.47,1.181,buy,293660501
1750611637185,78.47,0.34,buy,293660502
1750611637227,78.48,0.567,buy,293660503
1750611637227,78.49,0.614,buy,293660504
1750611637395,78.49,0.556,buy,293660505
1750611638548,78.49,0.204,buy,293660506
1750611639443,78.5,0.467,buy,293660507
1750611639534,78.5,0.083,buy,293660508
1750611639672,78.5,0.136,buy,293660509
1750611640343,78.51,0.654,buy,293660510
1750611640401,78.5,0.204,sell,293660511
1750611642067,78.49,0.468,sell,293660512
1750611642142,78.49,0.323,buy,293660513
1750611642513,78.49,0.272,buy,293660514
1750611643171,78.5,0.34,buy,293660515
1750611643214,78.51,3.203,buy,293660516
1750611643268,78.51,0.34,buy,293660517
1750611643283,78.52,0.999,buy,293660518
1750611644237,78.52,0.076,buy,293660519
1750611645420,78.51,0.34,sell,293660520
1750611645596,78.5,0.178,sell,293660521
1750611646178,78.51,0.144,buy,293660522
1750611646311,78.5,0.871,sell,293660523
1750611647900,78.51,0.533,buy,293660524
1750611648041,78.51,0.204,buy,293660525
1750611648678,78.51,29.248,sell,293660526
1750611648678,78.5,3.029,sell,293660527
1750611649012,78.51,0.849,buy,293660528
1750611649031,78.5,2.544,sell,293660529
1750611649745,78.51,0.204,buy,293660530
1750611650396,78.51,0.272,sell,293660531
1750611650773,78.51,0.204,buy,293660532
1750611651401,78.51,1.134,sell,293660533
1750611652029,78.51,0.34,sell,293660534
1750611653514,78.5,0.153,sell,293660535
1750611653716,78.5,1.315,sell,293660536
1750611654580,78.49,0.4,sell,293660537
1750611654582,78.49,0.068,sell,293660538
1750611655100,78.48,0.4,sell,293660539
1750611655143,78.48,0.136,sell,293660540
1750611655302,78.48,0.255,buy,293660541
1750611655717,78.47,0.539,sell,293660542
1750611655717,78.46,0.263,sell,293660543
1750611656104,78.47,20.073,buy,293660544
1750611656173,78.48,0.096,buy,293660545
1750611657094,78.49,0.141,buy,293660546
1750611657237,78.48,5.12,sell,293660547
1750611657290,78.48,0.345,sell,293660548
1750611659239,78.48,0.343,sell,293660549
1750611660411,78.49,0.317,sell,293660550
1750611660671,78.5,2.98,buy,293660551
1750611662050,78.51,0.207,buy,293660552
1750611662303,78.51,0.11,sell,293660553
1750611662341,78.51,3.478,sell,293660554
1750611662726,78.51,0.204,sell,293660555
1750611662868,78.5,6.121,sell,293660556
1750611663139,78.51,0.329,buy,293660557
1750611663698,78.5,0.596,sell,293660558
1750611663793,78.5,0.507,sell,293660559
1750611663890,78.5,1.888,sell,293660560
1750611663895,78.5,1.273,buy,293660561
1750611664419,78.49,0.091,sell,293660562
1750611664940,78.51,0.128,buy,293660563
1750611665615,78.51,0.219,buy,293660564
1750611665855,78.51,0.086,sell,293660565
1750611666141,78.52,0.101,buy,293660566
1750611666368,78.52,1.863,buy,293660567
1750611666452,78.53,0.224,buy,293660568
1750611666682,78.54,0.102,buy,293660569
1750611666812,78.54,1.722,buy,293660570
1750611667040,78.53,0.272,sell,293660571
1750611667532,78.52,0.4,sell,293660572
1750611667543,78.51,0.996,sell,293660573
1750611668015,78.51,0.468,sell,293660574
1750611669900,78.51,0.303,sell,293660575
1750611670300,78.52,0.128,buy,293660576
1750611671107,78.52,0.204,sell,293660577
1750611672362,78.51,0.065,sell,293660578
1750611672535,78.52,1.464,buy,293660579
1750611672908,78.53,1.181,buy,293660580
1750611674359,78.53,0.128,buy,293660581
1750611674389,78.54,5,buy,293660582
1750611674927,78.54,0.199,buy,293660583
1750611675224,78.55,5,buy,293660584
1750611676508,78.56,10.064,buy,293660585
1750611676508,78.57,47.498,buy,293660586
1750611676508,78.58,111.321,buy,293660587
1750611676508,78.59,53.252,buy,293660588
1750611676511,78.58,0.071,buy,293660589
1750611676711,78.58,0.708,buy,293660590
1750611677434,78.57,0.272,sell,293660591
1750611677793,78.56,0.332,sell,293660592
1750611677840,78.55,0.496,sell,293660593
1750611678642,78.55,1.781,buy,293660594
1750611679212,78.55,1.89,buy,293660595
1750611680544,78.55,9.99,sell,293660596
1750611680811,78.56,0.128,buy,293660597
1750611680897,78.57,0.174,buy,293660598
1750611681388,78.57,0.156,buy,293660599
1750611682269,78.56,1.679,sell,293660600
1750611683802,78.55,0.468,sell,293660601
1750611683818,78.54,1.373,sell,293660602
1750611683852,78.54,0.136,sell,293660603
1750611684297,78.54,11.445,buy,293660604
1750611684765,78.54,0.204,buy,293660605
1750611685033,78.55,0.4,buy,293660606
1750611687708,78.55,1.077,sell,293660607
1750611687802,78.54,9.896,sell,293660608
1750611687804,78.54,0.068,sell,293660609
1750611691181,78.53,12.192,sell,293660610
1750611691181,78.53,0.068,sell,293660611
1750611691201,78.52,26.165,sell,293660612
1750611691325,78.53,0.34,buy,293660613
1750611691361,78.53,0.245,sell,293660614
1750611691470,78.53,0.272,sell,293660615
1750611692575,78.53,0.272,buy,293660616
1750611692703,78.54,0.564,buy,293660617
1750611693492,78.54,0.703,sell,293660618
1750611694765,78.54,0.204,sell,293660619
1750611695464,78.54,6.745,buy,293660620
1750611696030,78.53,0.34,sell,293660621
1750611696800,78.52,5.7,sell,293660622
1750611696802,78.52,0.068,sell,293660623
1750611697402,78.52,0.347,buy,293660624
1750611697483,78.51,0.539,sell,293660625
1750611697815,78.5,0.411,sell,293660626
1750611697985,78.5,0.655,buy,293660627
1750611697986,78.5,5.858,buy,293660628
1750611698037,78.5,3.052,buy,293660629
1750611699420,78.5,1.695,buy,293660630
1750611699438,78.5,0.232,buy,293660631
1750611699811,78.51,0.4,buy,293660632
1750611700520,78.52,0.444,buy,293660633
1750611701217,78.52,2,buy,293660634
1750611704074,78.51,0.257,sell,293660635
1750611705172,78.52,0.425,buy,293660636
1750611705189,78.53,0.468,buy,293660637
1750611705223,78.54,0.748,buy,293660638
1750611705607,78.53,0.272,sell,293660639
1750611707954,78.52,0.4,sell,293660640
1750611709690,78.51,0.468,sell,293660641
1750611710499,78.51,2.148,buy,293660642
1750611710833,78.5,0.468,sell,293660643
1750611711219,78.5,0.063,buy,293660644
1750611712832,78.5,1,buy,293660645
1750611714491,78.5,0.422,buy,293660646
1750611714715,78.49,7.129,sell,293660647
1750611714716,78.49,3.335,sell,293660648
1750611714718,78.49,0.068,sell,293660649
1750611714821,78.48,0.635,sell,293660650
1750611714944,78.47,2.066,sell,293660651
1750611714947,78.47,0.136,sell,293660652
1750611716116,78.47,1.231,buy,293660653
1750611716130,78.47,1.181,buy,293660654
1750611716162,78.47,1.181,buy,293660655
1750611716173,78.47,3.352,buy,293660656
1750611716213,78.48,0.564,buy,293660657
1750611716213,78.49,0.617,buy,293660658
1750611716603,78.49,0.4,buy,293660659
1750611716718,78.5,0.4,buy,293660660
1750611716719,78.5,0.068,buy,293660661
1750611716835,78.5,0.176,sell,293660662
1750611717744,78.5,1.547,sell,293660663
1750611719065,78.51,0.467,buy,293660664
1750611720184,78.51,0.195,buy,293660665
1750611720344,78.52,0.779,buy,293660666
1750611721398,78.52,0.204,sell,293660667
1750611721464,78.51,4.952,sell,293660668
1750611721842,78.51,0.096,buy,293660669
1750611722033,78.5,0.468,sell,293660670
1750611722657,78.5,0.34,buy,293660671
1750611724933,78.51,0.765,buy,293660672
1750611725544,78.51,0.165,buy,293660673
1750611726799,78.51,0.289,buy,293660674
1750611727121,78.5,0.34,sell,293660675
1750611727798,78.49,1.998,sell,293660676
1750611727806,78.5,10,buy,293660677
1750611727808,78.5,0.265,buy,293660678
1750611728062,78.51,0.468,buy,293660679
1750611728077,78.52,1.332,buy,293660680
1750611728137,78.53,1.256,buy,293660681
1750611729135,78.53,0.468,buy,293660682
1750611729152,78.54,1.181,buy,293660683
1750611729919,78.54,0.136,buy,293660684
1750611731528,78.54,0.482,sell,293660685
1750611732055,78.54,0.175,buy,293660686
1750611732879,78.54,0.904,buy,293660687
1750611733024,78.54,0.136,buy,293660688
1750611735702,78.54,0.34,sell,293660689
1750611735722,78.53,11.346,sell,293660690
1750611735955,78.52,2.182,sell,293660691
1750611736076,78.52,0.136,sell,293660692
1750611737805,78.52,23.081,buy,293660693
1750611737809,78.52,0.068,buy,293660694
1750611740263,78.52,0.272,sell,293660695
1750611740379,78.52,1.273,buy,293660696
1750611740680,78.51,0.468,sell,293660697
1750611741636,78.5,0.554,sell,293660698
1750611742211,78.5,0.209,buy,293660699
1750611743140,78.49,0.468,sell,293660700
1750611745619,78.48,4.184,sell,293660701
1750611745853,78.48,0.136,sell,293660702
1750611745858,78.47,4.635,sell,293660703
1750611745861,78.46,8.182,sell,293660704
1750611745861,78.46,6.057,sell,293660705
1750611745861,78.46,42.31,sell,293660706
1750611745864,78.46,6.556,sell,293660707
1750611745957,78.45,1.722,sell,293660708
1750611746563,78.45,0.136,sell,293660709
1750611746831,78.44,0.471,sell,293660710
1750611746855,78.44,0.814,buy,293660711
1750611748813,78.44,0.707,buy,293660712
1750611749099,78.44,0.233,buy,293660713
1750611749409,78.44,10,buy,293660714
1750611749910,78.44,0.338,buy,293660715
1750611753244,78.43,0.063,sell,293660716
1750611754004,78.44,28.499,buy,293660717
1750611754089,78.44,1.334,buy,293660718
1750611756527,78.44,2.218,buy,293660719
1750611756785,78.43,0.476,sell,293660720
1750611758483,78.43,0.204,buy,293660721
1750611758582,78.44,66.629,buy,293660722
1750611758582,78.44,13.019,buy,293660723
1750611758583,78.44,13.872,buy,293660724
1750611758583,78.44,7.871,buy,293660725
1750611758584,78.44,7.481,buy,293660726
1750611758585,78.44,4.532,buy,293660727
1750611758800,78.45,10.461,buy,293660728
1750611759327,78.46,0.101,buy,293660729
1750611759742,78.45,0.384,sell,293660730
1750611760499,78.46,0.641,buy,293660731
1750611760955,78.46,0.103,buy,293660732
1750611761055,78.45,0.154,sell,293660733
1750611764888,78.46,0.468,buy,293660734
1750611764930,78.47,0.468,buy,293660735
1750611765033,78.48,0.713,buy,293660736
1750611765034,78.48,8.826,buy,293660737
1750611766702,78.49,0.569,buy,293660738
1750611766704,78.49,0.068,buy,293660739
1750611766754,78.5,0.471,buy,293660740
1750611766799,78.5,0.136,buy,293660741
1750611766817,78.51,1.045,buy,293660742
1750611767102,78.51,0.136,buy,293660743
1750611767105,78.51,3.035,sell,293660744
1750611767105,78.51,3.035,sell,293660745
1750611767213,78.51,1.375,sell,293660746
1750611769094,78.52,0.4,buy,293660747
1750611769096,78.52,0.068,buy,293660748
1750611769194,78.53,0.798,buy,293660749
1750611769386,78.53,0.136,buy,293660750
1750611769895,78.54,0.471,buy,293660751
1750611769897,78.54,0.068,buy,293660752
1750611769981,78.55,0.305,buy,293660753
1750611772945,78.54,0.177,sell,293660754
1750611775513,78.54,0.849,sell,293660755
1750611775568,78.53,5.28,sell,293660756
1750611775702,78.52,0.468,sell,293660757
1750611775771,78.51,0.564,sell,293660758
1750611775938,78.5,2.818,sell,293660759
1750611775963,78.5,0.136,sell,293660760
1750611776320,78.5,0.204,buy,293660761
1750611783103,78.51,0.33,buy,293660762
1750611785733,78.51,25.483,buy,293660763
1750611785777,78.52,0.883,buy,293660764
1750611787168,78.52,0.127,buy,293660765
1750611788141,78.51,0.436,sell,293660766
1750611788182,78.51,0.101,buy,293660767
1750611789345,78.51,0.764,buy,293660768
1750611789602,78.51,0.714,buy,293660769
1750611790423,78.51,0.204,buy,293660770
1750611790600,78.52,18.574,buy,293660771
1750611790941,78.52,0.136,buy,293660772
1750611791024,78.53,1.045,buy,293660773
1750611792265,78.52,0.34,sell,293660774
1750611793615,78.51,0.468,sell,293660775
1750611794002,78.5,0.468,sell,293660776
1750611794075,78.5,0.204,buy,293660777
1750611794292,78.51,1.516,buy,293660778
1750611794898,78.51,0.34,sell,293660779
1750611796218,78.51,0.36,buy,293660780
1750611796218,78.52,10.439,buy,293660781
1750611796233,78.52,1.181,buy,293660782
1750611800381,78.52,0.705,buy,293660783
1750611800510,78.52,1.949,buy,293660784
1750611800803,78.52,0.204,sell,293660785
1750611803383,78.52,0.272,buy,293660786
1750611803919,78.53,0.468,buy,293660787
1750611803936,78.54,0.539,buy,293660788
1750611804773,78.54,0.142,sell,293660789
1750611807490,78.53,0.579,buy,293660790
1750611807584,78.52,0.264,sell,293660791
1750611807975,78.51,0.332,sell,293660792
1750611808539,78.51,0.571,buy,293660793
1750611809069,78.5,0.332,sell,293660794
1750611809579,78.5,0.14,buy,293660795
1750611814314,78.49,0.539,sell,293660796
1750611815007,78.48,0.539,sell,293660797
1750611815455,78.48,0.209,buy,293660798
1750611816066,78.48,0.317,buy,293660799
1750611816910,78.47,8.78,sell,293660800
1750611818961,78.47,0.272,sell,293660801
1750611820586,78.46,0.539,sell,293660802
1750611820756,78.46,0.368,buy,293660803
1750611821300,78.46,0.713,buy,293660804
1750611821849,78.45,0.122,sell,293660805
1750611822779,78.45,0.346,sell,293660806
1750611823694,78.44,0.179,sell,293660807
1750611823748,78.44,0.3,sell,293660808
1750611823749,78.44,0.06,sell,293660809
1750611823751,78.43,0.726,sell,293660810
1750611824039,78.43,0.204,sell,293660811
1750611824713,78.43,1.275,buy,293660812
1750611824862,78.43,0.204,buy,293660813
1750611826358,78.43,0.204,sell,293660814
1750611827595,78.42,0.48,sell,293660815
1750611827648,78.42,0.127,sell,293660816
1750611827650,78.41,0.539,sell,293660817
1750611827666,78.4,0.071,sell,293660818
1750611827730,78.4,0.678,sell,293660819
1750611827748,78.41,0.621,buy,293660820
1750611827971,78.4,0.136,sell,293660821
1750611828384,78.39,0.411,sell,293660822
1750611828749,78.38,0.539,sell,293660823
1750611829160,78.37,0.343,sell,293660824
1750611829515,78.36,1.276,sell,293660825
1750611829649,78.36,0.136,sell,293660826
1750611829748,78.35,0.089,sell,293660827
1750611830812,78.36,1.873,buy,293660828
1750611830833,78.36,1.181,buy,293660829
1750611830842,78.36,1.181,buy,293660830
1750611830877,78.36,1.181,buy,293660831
1750611831038,78.36,1.181,buy,293660832
1750611831060,78.36,1.181,buy,293660833
1750611831073,78.36,0.136,buy,293660834
1750611831242,78.37,0.212,buy,293660835
1750611832772,78.37,0.4,buy,293660836
1750611832821,78.38,0.564,buy,293660837
1750611833008,78.39,0.468,buy,293660838
1750611833023,78.4,0.93,buy,293660839
1750611833377,78.4,20.916,buy,293660840
1750611833814,78.4,13.445,sell,293660841
1750611833814,78.4,10.86,sell,293660842
1750611833901,78.39,0.128,sell,293660843
1750611836004,78.38,0.196,sell,293660844
1750611838585,78.38,0.204,buy,293660845
1750611838585,78.38,0.068,buy,293660846
1750611841188,78.38,0.204,buy,293660847
1750611842057,78.39,15.265,buy,293660848
1750611842120,78.39,0.136,buy,293660849
1750611842120,78.4,33.861,buy,293660850
1750611842122,78.4,0.068,buy,293660851
1750611842219,78.41,1.804,buy,293660852
1750611843107,78.41,0.906,buy,293660853
1750611844183,78.39,0.128,sell,293660854
1750611844383,78.39,0.204,buy,293660855
1750611844455,78.4,9.576,buy,293660856
1750611847725,78.4,0.34,buy,293660857
1750611848664,78.41,0.93,buy,293660858
1750611849767,78.41,0.4,buy,293660859
1750611850029,78.42,0.471,buy,293660860
1750611850031,78.42,0.068,buy,293660861
1750611850313,78.43,0.61,buy,293660862
1750611851029,78.44,0.539,buy,293660863
1750611852426,78.45,12.247,buy,293660864
1750611852995,78.45,0.136,buy,293660865
1750611854102,78.45,103.058,sell,293660866
1750611854103,78.44,6.5,sell,293660867
1750611854114,78.43,10.216,sell,293660868
1750611854202,78.43,0.136,sell,293660869
1750611854300,78.43,0.096,buy,293660870
1750611855600,78.43,0.272,buy,293660871
1750611856821,78.44,1.517,buy,293660872
1750611856909,78.43,25,sell,293660873
1750611856927,78.44,1.038,buy,293660874
1750611858028,78.43,5.366,sell,293660875
1750611858591,78.43,0.272,sell,293660876
1750611859993,78.43,0.47,buy,293660877
1750611864393,78.42,4,sell,293660878
1750611864394,78.42,15.438,sell,293660879
1750611864679,78.41,0.221,sell,293660880
1750611864680,78.41,0.638,sell,293660881
1750611865148,78.4,0.859,sell,293660882
1750611865241,78.39,0.34,sell,293660883
1750611866171,78.38,10.207,sell,293660884
1750611866708,78.37,0.099,sell,293660885
1750611869172,78.38,0.4,buy,293660886
1750611870780,78.38,0.413,buy,293660887
1750611872901,78.37,8.358,sell,293660888
1750611872903,78.37,0.068,sell,293660889
1750611873125,78.36,0.215,sell,293660890
1750611873425,78.36,0.539,sell,293660891
1750611875090,78.36,0.467,buy,293660892
1750611878872,78.35,1.273,sell,293660893
1750611880955,78.35,0.077,sell,293660894
1750611880955,78.36,0.113,buy,293660895
1750611881500,78.36,0.777,buy,293660896
1750611882704,78.36,1.191,buy,293660897
1750611889285,78.35,4.765,sell,293660898
1750611889361,78.34,6.386,sell,293660899
1750611889458,78.34,0.136,sell,293660900
1750611890194,78.34,1.202,buy,293660901
1750611891154,78.33,0.765,sell,293660902
1750611891511,78.34,1.202,buy,293660903
1750611892381,78.34,0.4,buy,293660904
1750611897377,78.33,3.56,sell,293660905
1750611898707,78.33,0.423,buy,293660906
1750611899336,78.33,0.828,buy,293660907
1750611899943,78.34,12.154,buy,293660908
1750611900028,78.35,1.181,buy,293660909
1750611900151,78.35,0.136,buy,293660910
1750611901999,78.35,1.244,sell,293660911
1750611902132,78.36,9.624,buy,293660912
1750611903079,78.37,0.471,buy,293660913
1750611903613,78.36,0.216,sell,293660914
1750611904610,78.37,0.521,buy,293660915
1750611904905,78.37,0.204,buy,293660916
1750611906671,78.38,4.756,buy,293660917
1750611906939,78.39,13.774,buy,293660918
1750611906945,78.39,0.136,buy,293660919
1750611907748,78.4,0.158,buy,293660920
1750611913622,78.39,13.777,sell,293660921
1750611913823,78.39,0.08,buy,293660922
1750611913871,78.38,0.468,sell,293660923
1750611913871,78.37,8.535,sell,293660924
1750611913947,78.37,1.181,sell,293660925
1750611913956,78.37,0.116,sell,293660926
1750611914666,78.37,1.621,sell,293660927
1750611915923,78.38,0.426,buy,293660928
1750611917011,78.37,0.152,sell,293660929
1750611918034,78.38,0.204,buy,293660930
1750611918911,78.39,0.34,buy,293660931
1750611918911,78.4,0.501,buy,293660932
1750611918912,78.4,0.038,buy,293660933
1750611919702,78.41,0.564,buy,293660934
1750611920200,78.42,0.089,buy,293660935
1750611920907,78.42,0.45,buy,293660936
1750611920907,78.43,0.467,buy,293660937
1750611921166,78.43,1.754,buy,293660938
1750611921170,78.44,0.699,buy,293660939
1750611921678,78.45,0.513,buy,293660940
1750611924388,78.45,0.883,buy,293660941
1750611924515,78.45,1.526,buy,293660942
1750611924643,78.46,0.343,buy,293660943
1750611924644,78.46,0.068,buy,293660944
1750611924648,78.46,2.549,sell,293660945
1750611924702,78.47,7.215,buy,293660946
1750611924783,78.47,0.136,buy,293660947
1750611924785,78.47,1.273,sell,293660948
1750611924815,78.48,1.181,buy,293660949
1750611924820,78.48,0.136,buy,293660950
1750611925216,78.49,0.564,buy,293660951
1750611925220,78.49,2.548,sell,293660952
1750611925221,78.49,2.548,sell,293660953
1750611925221,78.49,2.35,sell,293660954
1750611925542,78.5,7.004,buy,293660955
1750611929338,78.49,5.77,sell,293660956
1750611931201,78.49,7.895,buy,293660957
1750611931202,78.49,0.068,buy,293660958
1750611932055,78.49,0.63,sell,293660959
1750611933921,78.49,3.547,sell,293660960
1750611935247,78.5,0.539,buy,293660961
1750611935265,78.51,1.181,buy,293660962
1750611935354,78.51,1.217,buy,293660963
1750611935354,78.51,1.221,buy,293660964
1750611935354,78.51,1.221,buy,293660965
1750611935354,78.51,1.221,buy,293660966
1750611935354,78.51,1.221,buy,293660967
1750611935380,78.51,0.136,buy,293660968
1750611937751,78.52,0.539,buy,293660969
1750611937864,78.53,0.468,buy,293660970
1750611939448,78.54,0.383,buy,293660971
1750611940097,78.54,0.224,buy,293660972
1750611942925,78.54,1.012,sell,293660973
1750611944701,78.55,3.277,buy,293660974
1750611945412,78.55,0.489,buy,293660975
1750611945949,78.54,1.012,sell,293660976
1750611945954,78.54,3.278,sell,293660977
1750611951164,78.54,0.869,buy,293660978
1750611954140,78.54,0.511,buy,293660979
1750611954728,78.54,9.442,buy,293660980
1750611954777,78.55,0.468,buy,293660981
1750611954856,78.56,0.475,buy,293660982
1750611954947,78.57,1.181,buy,293660983
1750611955056,78.57,10.571,buy,293660984
1750611955071,78.57,1.181,buy,293660985
1750611955083,78.57,10.518,buy,293660986
1750611955133,78.58,1.181,buy,293660987
1750611955240,78.58,1.181,buy,293660988
1750611955467,78.58,0.578,buy,293660989
1750611955524,78.58,0.272,buy,293660990
1750611957095,78.59,2.23,buy,293660991
1750611959058,78.59,1.415,buy,293660992
1750611960418,78.58,8.528,sell,293660993
1750611961339,78.57,1.166,sell,293660994
1750611962077,78.57,0.095,buy,293660995
1750611962563,78.56,5.848,sell,293660996
1750611963230,78.56,0.34,buy,293660997
1750611964522,78.56,4.62,sell,293660998
1750611964524,78.56,0.068,sell,293660999
1750611966489,78.56,2.889,buy,293661000
1750611967420,78.56,0.954,buy,293661001
1750611969201,78.55,1.181,sell,293661002
1750611970042,78.55,2,sell,293661003
1750611970821,78.56,0.374,buy,293661004
1750611970908,78.57,0.564,buy,293661005
1750611972502,78.57,8.119,sell,293661006
1750611973094,78.56,0.128,sell,293661007
1750611973362,78.56,0.786,buy,293661008
1750611973630,78.56,0.272,buy,293661009
1750611974806,78.57,0.533,buy,293661010
1750611975756,78.57,0.47,buy,293661011
1750611976748,78.56,17.751,sell,293661012
1750611976748,78.56,7.432,sell,293661013
1750611976778,78.55,4,sell,293661014
1750611976822,78.55,0.096,sell,293661015
1750611978305,78.55,0.204,buy,293661016
1750611978369,78.56,0.127,buy,293661017
1750611980072,78.56,0.636,buy,293661018
1750611980343,78.55,4.044,sell,293661019
1750611981999,78.55,0.882,buy,293661020
1750611985580,78.54,0.324,sell,293661021
1750611988346,78.54,0.089,sell,293661022
1750611988451,78.55,0.552,buy,293661023
1750611988455,78.55,0.166,buy,293661024
1750611989065,78.55,0.54,buy,293661025
1750611990606,78.55,0.331,buy,293661026
1750611991321,78.55,0.5,buy,293661027
1750611992218,78.55,0.309,buy,293661028
1750611992653,78.55,9.016,buy,293661029
1750611992683,78.56,3.336,buy,293661030
1750611992703,78.56,0.193,buy,293661031
1750611992709,78.56,0.148,buy,293661032
1750611993168,78.56,3.29,buy,293661033
1750611993184,78.56,0.243,buy,293661034
1750611993200,78.56,0.218,buy,293661035
1750611993265,78.56,0.825,buy,293661036
1750611993292,78.56,0.355,buy,293661037
1750611993316,78.56,0.328,buy,293661038
1750611993352,78.56,0.33,buy,293661039
1750611993354,78.56,0.477,buy,293661040
1750611993368,78.56,0.174,buy,293661041
1750611993429,78.56,5.775,buy,293661042
1750611993433,78.57,0.539,buy,293661043
1750611997219,78.58,0.538,buy,293661044
1750611997236,78.59,0.704,buy,293661045
1750611998132,78.58,0.552,sell,293661046
1750611998459,78.58,8.323,sell,293661047
1750611998518,78.57,0.224,sell,293661048
1750612000555,78.56,0.147,sell,293661049
1750612001749,78.56,0.101,sell,293661050
1750612003267,78.57,0.34,buy,293661051
1750612003500,78.57,0.137,sell,293661052
1750612004059,78.58,0.468,buy,293661053
1750612005310,78.59,18.167,buy,293661054
1750612005310,78.59,68.145,buy,293661055
1750612005386,78.6,24.632,buy,293661056
1750612005527,78.6,5.871,buy,293661057
1750612006601,78.6,21.623,buy,293661058
1750612008568,78.6,6.916,sell,293661059
1750612008905,78.59,0.128,sell,293661060
1750612009144,78.58,0.108,sell,293661061
1750612009484,78.58,0.084,sell,293661062
1750612011596,78.58,0.381,buy,293661063
1750612011765,78.58,9.944,buy,293661064
1750612011832,78.58,0.136,buy,293661065
1750612020512,78.63,0.152,buy,293661076
1750612020623,78.62,28.401,sell,293661077
1750612020796,78.61,0.128,sell,293661078
1750612021080,78.6,0.192,sell,293661079
1750612021138,78.59,0.224,sell,293661080
1750612021232,78.58,1.181,sell,293661081
1750612021603,78.58,0.095,sell,293661082
1750612021905,78.57,3.328,sell,293661083
1750612021905,78.56,0.49,sell,293661084
1750612021905,78.55,3.405,sell,293661085
1750612022018,78.55,1.181,sell,293661086
1750612022891,78.56,0.272,buy,293661087
1750612022891,78.57,2.273,buy,293661088
1750612023862,78.57,0.155,buy,293661089
1750612026206,78.56,4.233,sell,293661090
1750612026324,78.55,1.181,sell,293661091
1750612027747,78.56,1.173,buy,293661092
1750612027749,78.56,0.068,buy,293661093
1750612033658,78.57,0.441,buy,293661094
1750612034011,78.58,0.4,buy,293661095
1750612034013,78.58,0.068,buy,293661096
1750612035182,78.59,0.288,buy,293661097
1750612039111,78.58,0.707,sell,293661098
1750612040479,78.59,0.454,buy,293661099
1750612044575,78.6,0.098,buy,293661100
1750612045166,78.6,0.44,buy,293661101
1750612045168,78.6,0.068,buy,293661102
1750612045173,78.61,0.954,buy,293661103
1750612046047,78.61,0.204,buy,293661104
1750612046640,78.62,0.831,buy,293661105
1750612047074,78.62,0.136,buy,293661106
1750612047518,78.62,1.631,sell,293661107
1750612050000,78.62,6.605,sell,293661108
1750612050024,78.62,0.244,buy,293661109
1750612050403,78.62,0.343,buy,293661110
1750612050407,78.61,0.128,sell,293661111
1750612050541,78.61,0.294,buy,293661112
1750612050552,78.6,1,sell,293661113
1750612051275,78.61,3.524,buy,293661114
1750612051283,78.61,0.136,buy,293661115
1750612051319,78.62,0.564,buy,293661116
1750612051319,78.63,1.798,buy,293661117
1750612053652,78.62,5.714,sell,293661118
1750612053655,78.61,0.224,sell,293661119
1750612053776,78.6,1.181,sell,293661120
1750612054422,78.61,0.46,buy,293661121
1750612055879,78.61,0.364,buy,293661122
1750612055881,78.61,0.068,buy,293661123
1750612056422,78.62,0.34,buy,293661124
1750612056422,78.63,23.922,buy,293661125
1750612056570,78.64,0.406,buy,293661126
1750612056572,78.64,0.068,buy,293661127
1750612056749,78.65,1.096,buy,293661128
1750612056779,78.65,7.058,buy,293661129
1750612056849,78.64,4.545,sell,293661130
1750612058929,78.64,1.894,sell,293661131
1750612060149,78.65,0.737,buy,293661132
1750612063899,78.65,0.716,buy,293661133
1750612069879,78.65,1.472,sell,293661134
1750612069949,78.66,0.613,buy,293661135
1750612071522,78.65,6.882,sell,293661136
1750612071789,78.64,0.128,sell,293661137
1750612072079,78.64,1.076,buy,293661138
1750612074295,78.64,0.272,buy,293661139
1750612079352,78.65,0.288,buy,293661140
1750612080794,78.65,1.618,buy,293661141
1750612087434,78.65,4.4,buy,293661142
1750612088226,78.65,0.136,buy,293661143
1750612091071,78.66,0.274,buy,293661144
1750612093741,78.66,0.288,buy,293661145
1750612095256,78.66,0.293,buy,293661146
1750612097129,78.65,0.102,sell,293661147
1750612097649,78.65,0.59,sell,293661148
1750612098104,78.66,0.127,buy,293661149
1750612098693,78.66,6.648,buy,293661150
1750612098695,78.66,8.112,buy,293661151
1750612098695,78.66,7.546,buy,293661152
1750612098695,78.66,8.098,buy,293661153
1750612099107,78.67,0.342,buy,293661154
1750612099109,78.67,0.068,buy,293661155
1750612100775,78.68,8.633,buy,293661156
1750612100900,78.69,2.54,buy,293661157
1750612103406,78.69,0.288,buy,293661158
1750612103728,78.69,1.347,buy,293661159
1750612104243,78.69,0.387,buy,293661160
1750612106509,78.69,0.063,buy,293661161
1750612107855,78.69,0.083,buy,293661162
1750612108008,78.69,0.501,buy,293661163
1750612108019,78.69,2.541,sell,293661164
1750612108020,78.69,2.541,sell,293661165
1750612108028,78.69,2.183,sell,293661166
1750612109121,78.7,1.016,buy,293661167
1750612109121,78.71,0.19,buy,293661168
1750612109241,78.7,24.496,sell,293661169
1750612110368,78.69,9.124,sell,293661170
1750612110371,78.69,4.061,sell,293661171
1750612110427,78.68,1.378,sell,293661172
1750612110627,78.67,0.527,sell,293661173
1750612110766,78.67,0.625,sell,293661174
1750612111997,78.67,0.635,buy,293661175
1750612112699,78.67,0.095,buy,293661176
1750612113180,78.67,0.109,buy,293661177
1750612114459,78.68,0.468,buy,293661178
1750612114966,78.69,1.413,buy,293661179
1750612115532,78.69,0.136,buy,293661180
1750612117293,78.7,14.763,buy,293661181
1750612119466,78.7,0.122,buy,293661182
1750612120055,78.7,0.176,buy,293661183
1750612120373,78.69,1.012,sell,293661184
1750612120436,78.69,1.333,sell,293661185
1750612120436,78.69,6.777,sell,293661186
1750612121177,78.69,0.204,buy,293661187
1750612122342,78.7,0.297,buy,293661188
1750612123980,78.69,0.661,sell,293661189
1750612124493,78.7,0.307,buy,293661190
1750612127619,78.71,0.196,buy,293661191
1750612129980,78.71,0.347,buy,293661192
1750612130801,78.72,1.343,buy,293661193
1750612130801,78.73,0.691,buy,293661194
1750612131204,78.73,0.359,buy,293661195
1750612131708,78.72,16.483,sell,293661196
1750612134321,78.73,0.255,buy,293661197
1750612134612,78.73,0.526,sell,293661198
1750612135219,78.74,8.797,buy,293661199
1750612135388,78.73,0.14,sell,293661200
1750612137050,78.73,5.416,sell,293661201
1750612137242,78.73,0.865,buy,293661202
1750612138299,78.73,8.891,buy,293661203
1750612139307,78.73,0.318,buy,293661204
1750612139875,78.73,0.272,buy,293661205
1750612143130,78.74,0.233,buy,293661206
1750612143312,78.74,0.471,buy,293661207
1750612143313,78.74,0.071,buy,293661208
1750612144126,78.74,0.3,sell,293661209
1750612145122,78.74,0.127,sell,293661210
1750612150812,78.74,0.214,sell,293661211
1750612151478,78.74,16.047,sell,293661212
1750612151478,78.73,16.874,sell,293661213
1750612151478,78.72,58.095,sell,293661214
1750612151478,78.71,46.184,sell,293661215
1750612151540,78.72,0.204,buy,293661216
1750612151900,78.73,0.4,buy,293661217
1750612151900,78.74,0.019,buy,293661218
1750612153820,78.73,1.181,sell,293661219
1750612153837,78.73,0.136,sell,293661220
1750612155245,78.73,0.254,buy,293661221
1750612155634,78.73,5.646,buy,293661222
1750612156190,78.73,0.127,buy,293661223
1750612156890,78.73,0.421,buy,293661224
1750612163922,78.72,5.255,sell,293661225
1750612164523,78.71,0.612,sell,293661226
1750612164952,78.72,3.455,buy,293661227
1750612164954,78.72,0.068,buy,293661228
1750612165113,78.73,0.468,buy,293661229
1750612165113,78.74,0.713,buy,293661230
1750612166701,78.74,0.19,buy,293661231
1750612168059,78.73,0.248,sell,293661232
1750612168231,78.74,3.812,buy,293661233
1750612174429,78.74,0.202,buy,293661234
1750612176371,78.74,20.265,buy,293661235
1750612176371,78.75,42.65,buy,293661236
1750612176371,78.76,74.089,buy,293661237
1750612178866,78.75,0.066,sell,293661238
1750612180543,78.75,2.834,sell,293661239
1750612180575,78.74,0.272,sell,293661240
1750612183498,78.73,2.265,sell,293661241
1750612183654,78.72,0.468,sell,293661242
1750612184049,78.71,0.538,sell,293661243
1750612184098,78.71,0.178,buy,293661244
1750612187045,78.7,10,sell,293661245
1750612188720,78.71,0.34,buy,293661246
1750612188950,78.72,0.468,buy,293661247
1750612189234,78.72,1.037,sell,293661248
1750612189246,78.72,7.521,sell,293661249
1750612190696,78.73,0.825,buy,293661250
1750612191423,78.72,0.621,sell,293661251
1750612191597,78.73,1.083,buy,293661252
1750612193303,78.72,0.135,sell,293661253
1750612194020,78.72,35.48,sell,293661254
1750612196201,78.72,14.724,buy,293661255
1750612196203,78.72,0.068,buy,293661256
1750612196844,78.73,2.538,buy,293661257
1750612196931,78.73,0.136,buy,293661258
1750612197165,78.74,0.468,buy,293661259
1750612197504,78.75,0.282,buy,293661260
1750612198733,78.75,0.322,buy,293661261
1750612198792,78.75,0.116,sell,293661262
1750612199031,78.76,0.88,buy,293661263
1750612199524,78.75,1,sell,293661264
1750612200795,78.75,1.114,sell,293661265
1750612200851,78.74,0.589,sell,293661266
1750612201241,78.74,0.204,buy,293661267
1750612202251,78.74,0.81,sell,293661268
1750612202823,78.73,0.563,sell,293661269
1750612202947,78.72,0.468,sell,293661270
1750612202993,78.71,0.564,sell,293661271
1750612203377,78.71,0.59,buy,293661272
1750612203768,78.7,0.953,sell,293661273
1750612203829,78.69,0.594,sell,293661274
1750612204443,78.69,0.643,buy,293661275
1750612208019,78.69,1.691,buy,293661276
1750612208547,78.69,0.136,buy,293661277
1750612209596,78.7,0.254,buy,293661278
1750612211404,78.69,0.09,sell,293661279
1750612221603,78.69,0.98,sell,293661280
1750612222053,78.69,5.551,sell,293661281
1750612224812,78.69,0.234,sell,293661282
1750612226179,78.7,0.61,buy,293661283
1750612226179,78.71,2.212,buy,293661284
1750612226811,78.7,0.656,sell,293661285
1750612226835,78.71,15.554,buy,293661286
1750612226839,78.71,1.797,buy,293661287
1750612226922,78.72,1.789,buy,293661288
1750612226946,78.72,0.136,buy,293661289
1750612227102,78.72,0.188,sell,293661290
1750612227188,78.73,0.063,buy,293661291
1750612227464,78.73,0.538,buy,293661292
1750612227625,78.73,0.357,sell,293661293
1750612227823,78.74,0.47,buy,293661294
1750612227824,78.74,0.068,buy,293661295
1750612227835,78.75,1.181,buy,293661296
1750612227974,78.75,0.136,buy,293661297
1750612227974,78.76,1.045,buy,293661298
1750612228154,78.76,0.274,buy,293661299
1750612228156,78.76,0.068,buy,293661300
1750612228161,78.77,1.181,buy,293661301
1750612229052,78.77,6.184,buy,293661302
1750612229052,78.77,19.944,buy,293661303
1750612229052,78.77,11.23,buy,293661304
1750612229053,78.77,4.138,buy,293661305
1750612229054,78.77,7.417,buy,293661306
1750612229055,78.77,8.779,buy,293661307
1750612229056,78.77,0.017,buy,293661308
1750612229089,78.78,6.348,buy,293661309
1750612229143,78.78,0.34,buy,293661310
1750612229558,78.79,0.342,buy,293661311
1750612229559,78.79,0.068,buy,293661312
1750612229928,78.79,0.099,sell,293661313
1750612231588,78.8,0.665,buy,293661314
1750612232306,78.79,10,sell,293661315
1750612232536,78.8,0.705,buy,293661316
1750612232833,78.8,0.606,buy,293661317
1750612232834,78.8,16.875,buy,293661318
1750612232839,78.8,16.875,buy,293661319
1750612232848,78.8,1.181,buy,293661320
1750612232861,78.8,1.181,buy,293661321
1750612232870,78.8,0.593,buy,293661322
1750612232902,78.8,2.523,buy,293661323
1750612232902,78.8,83.89,buy,293661324
1750612232902,78.8,8.235,buy,293661325
1750612232902,78.8,9.993,buy,293661326
1750612232903,78.8,4.275,buy,293661327
1750612232903,78.8,3.062,buy,293661328
1750612232903,78.8,2.505,buy,293661329
1750612232903,78.8,1.7,buy,293661330
1750612232903,78.8,2.551,buy,293661331
1750612232904,78.8,16.875,buy,293661332
1750612232905,78.8,10.347,buy,293661333
1750612232905,78.8,5.611,buy,293661334
1750612232906,78.8,16.875,buy,293661335
1750612232906,78.8,9.993,buy,293661336
1750612232907,78.8,4.854,buy,293661337
1750612232967,78.81,0.539,buy,293661338
1750612232994,78.82,0.848,buy,293661339
1750612233021,78.83,1.769,buy,293661340
1750612233154,78.83,4.477,buy,293661341
1750612233168,78.83,1.181,buy,293661342
1750612233217,78.83,4.997,buy,293661343
1750612233338,78.84,1.181,buy,293661344
1750612233455,78.84,0.136,buy,293661345
1750612233455,78.85,0.017,buy,293661346
1750612233849,78.84,0.214,sell,293661347
1750612234538,78.85,1.45,buy,293661348
1750612234782,78.86,6.484,buy,293661349
1750612234782,78.86,0.068,buy,293661350
1750612234798,78.87,3.841,buy,293661351
1750612234818,78.88,1.181,buy,293661352
1750612234939,78.88,5.295,buy,293661353
1750612234946,78.88,0.136,buy,293661354
1750612235259,78.89,0.76,buy,293661355
1750612235259,78.9,0.421,buy,293661356
1750612236298,78.9,0.31,buy,293661357
1750612236300,78.9,0.068,buy,293661358
1750612236642,78.91,0.501,buy,293661359
1750612236784,78.91,0.136,buy,293661360
1750612236784,78.92,3.565,buy,293661361
1750612236791,78.92,0.068,buy,293661362
1750612236830,78.93,1.181,buy,293661363
1750612236854,78.93,6.74,buy,293661364
1750612237101,78.94,1.181,buy,293661365
1750612237474,78.94,3.23,buy,293661366
1750612237512,78.94,0.204,buy,293661367
1750612237710,78.94,18.854,sell,293661368
1750612238016,78.93,0.75,sell,293661369
1750612238162,78.92,9.961,sell,293661370
1750612238167,78.92,3.71,buy,293661371
1750612238197,78.92,0.395,buy,293661372
1750612238216,78.92,0.186,buy,293661373
1750612238229,78.92,0.15,buy,293661374
1750612238267,78.92,0.234,buy,293661375
1750612238287,78.92,0.23,buy,293661376
1750612238301,78.92,0.188,buy,293661377
1750612238315,78.92,0.153,buy,293661378
1750612238327,78.92,0.176,buy,293661379
1750612238817,78.91,11.649,sell,293661380
1750612238819,78.91,0.068,sell,293661381
1750612238884,78.9,23.522,sell,293661382
1750612239420,78.9,0.272,buy,293661383
1750612239458,78.91,4.197,buy,293661384
1750612239581,78.91,0.136,buy,293661385
1750612240163,78.92,9.572,buy,293661386
1750612240267,78.93,1.181,buy,293661387
1750612241222,78.92,20.105,sell,293661388
1750612241612,78.91,11.649,sell,293661389
1750612241612,78.91,0.068,sell,293661390
1750612241999,78.9,0.84,sell,293661391
1750612242326,78.9,0.198,sell,293661392
1750612242416,78.89,0.983,sell,293661393
1750612243489,78.9,0.272,buy,293661394
1750612244350,78.91,0.98,buy,293661395
1750612245277,78.9,0.14,sell,293661396
1750612245754,78.91,0.34,buy,293661397
1750612245776,78.91,0.077,sell,293661398
1750612245778,78.91,0.128,sell,293661399
1750612245784,78.91,0.154,sell,293661400
1750612245901,78.92,0.34,buy,293661401
1750612245915,78.93,0.841,buy,293661402
1750612246909,78.93,0.399,buy,293661403
1750612246911,78.93,0.068,buy,293661404
1750612246955,78.93,0.1,sell,293661405
1750612246955,78.94,0.082,buy,293661406
1750612247636,78.94,0.272,buy,293661407
1750612247703,78.94,3.169,buy,293661408
1750612248010,78.94,0.204,buy,293661409
1750612248087,78.95,3.111,buy,293661410
1750612248089,78.95,0.068,buy,293661411
1750612249070,78.95,24.48,sell,293661412
1750612249070,78.95,0.068,sell,293661413
1750612249087,78.94,0.066,sell,293661414
1750612249502,78.94,15.459,sell,293661415
1750612249505,78.94,0.068,sell,293661416
1750612249655,78.94,0.126,buy,293661417
1750612250981,78.94,0.594,buy,293661418
1750612250982,78.93,0.34,sell,293661419
1750612250989,78.93,1.339,buy,293661420
1750612252322,78.93,0.204,buy,293661421
1750612253861,78.93,0.272,sell,293661422
1750612254534,78.93,0.888,buy,293661423
1750612254609,78.92,0.34,sell,293661424
1750612255058,78.91,0.467,sell,293661425
1750612255058,78.9,0.169,sell,293661426
1750612255795,78.91,0.3,buy,293661427
1750612256457,78.9,0.3,sell,293661428
1750612256460,78.9,0.062,sell,293661429
1750612256477,78.89,0.467,sell,293661430
1750612256477,78.88,0.714,sell,293661431
1750612256508,78.88,0.34,sell,293661432
1750612256804,78.87,0.919,sell,293661433
1750612257203,78.88,0.305,buy,293661434
1750612257416,78.88,1.901,buy,293661435
1750612261261,78.88,7.109,buy,293661436
1750612261490,78.89,0.399,buy,293661437
1750612261492,78.89,0.068,buy,293661438
1750612261626,78.9,8.32,buy,293661439
1750612261746,78.91,0.467,buy,293661440
1750612261848,78.92,0.537,buy,293661441
1750612261978,78.93,0.399,buy,293661442
1750612262125,78.94,0.204,buy,293661443
1750612262733,78.95,0.331,buy,293661444
1750612262783,78.95,0.136,buy,293661445
1750612262783,78.96,0.766,buy,293661446
1750612262977,78.96,1,sell,293661447
1750612263505,78.96,0.476,sell,293661448
1750612263719,78.95,21.137,sell,293661449
1750612263719,78.95,0.068,sell,293661450
1750612263765,78.94,16.233,sell,293661451
1750612263839,78.93,0.563,sell,293661452
1750612263986,78.92,11.781,sell,293661453
1750612265139,78.92,5,buy,293661454
1750612265422,78.92,0.136,buy,293661455
1750612267492,78.92,0.69,sell,293661456
1750612268535,78.93,0.19,buy,293661457
1750612268772,78.93,12.669,buy,293661458
1750612268973,78.93,1.291,buy,293661459
1750612269741,78.93,1.835,sell,293661460
1750612269849,78.92,0.63,sell,293661461
1750612269852,78.92,0.06,sell,293661462
1750612269900,78.92,1.103,buy,293661463
1750612270025,78.91,0.467,sell,293661464
1750612270025,78.9,0.167,sell,293661465
1750612270150,78.91,0.204,buy,293661466
1750612270412,78.91,0.204,sell,293661467
1750612270568,78.9,0.531,sell,293661468
1750612270568,78.89,0.46,sell,293661469
1750612271153,78.89,0.34,sell,293661470
1750612271550,78.88,0.41,sell,293661471
1750612271550,78.87,0.438,sell,293661472
1750612271550,78.86,9.313,sell,293661473
1750612271553,78.86,0.07,sell,293661474
1750612272377,78.86,0.399,sell,293661475
1750612272379,78.86,0.068,sell,293661476
1750612273387,78.86,0.64,buy,293661477
1750612273429,78.87,0.436,buy,293661478
1750612274235,78.88,0.467,buy,293661479
1750612274235,78.89,1.082,buy,293661480
1750612274589,78.88,0.136,sell,293661481
1750612274590,78.88,0.068,sell,293661482
1750612278096,78.87,0.467,sell,293661483
1750612278196,78.86,0.297,sell,293661484
1750612278271,78.87,0.272,buy,293661485
1750612278440,78.88,0.467,buy,293661486
1750612278527,78.89,0.714,buy,293661487
1750612278647,78.89,0.204,buy,293661488
1750612279709,78.89,0.204,sell,293661489
1750612279860,78.88,0.169,sell,293661490
1750612282929,78.89,16.492,buy,293661491
1750612283199,78.89,0.204,sell,293661492
1750612283538,78.89,0.272,buy,293661493
1750612284076,78.9,0.399,buy,293661494
1750612284083,78.9,0.136,buy,293661495
1750612284083,78.91,0.467,buy,293661496
1750612284099,78.92,1.759,buy,293661497
1750612284103,78.92,1.181,buy,293661498
1750612285656,78.92,0.272,buy,293661499
1750612285656,78.93,26.335,buy,293661500
1750612285664,78.94,3.557,buy,293661501
1750612285678,78.94,0.07,buy,293661502
1750612285695,78.94,6.688,buy,293661503
1750612286016,78.95,10.46,buy,293661504
1750612286016,78.96,11.809,buy,293661505
1750612286016,78.97,8.564,buy,293661506
1750612286016,78.98,95.002,buy,293661507
1750612286080,78.97,0.204,sell,293661508
1750612287054,78.97,0.34,buy,293661509
1750612287059,78.98,0.399,buy,293661510
1750612287194,78.99,2.362,buy,293661511
1750612287914,78.98,0.272,sell,293661512
1750612288603,78.97,0.399,sell,293661513
1750612288705,78.96,0.467,sell,293661514
1750612288926,78.96,18.484,buy,293661515
1750612290436,78.96,0.34,sell,293661516
1750612291392,78.96,0.272,buy,293661517
1750612292105,78.96,0.204,sell,293661518
1750612293283,78.95,0.598,sell,293661519
1750612294202,78.95,0.204,sell,293661520
1750612294202,78.94,3.044,sell,293661521
1750612294490,78.95,0.204,buy,293661522
1750612295632,78.96,14.228,buy,293661523
1750612295632,78.97,0.626,buy,293661524
1750612295694,78.97,0.204,sell,293661525
1750612297452,78.97,0.272,buy,293661526
1750612298294,78.97,1.85,sell,293661527
1750612299181,78.97,0.272,sell,293661528
1750612299685,78.96,1,sell,293661529
1750612300113,78.97,12.431,buy,293661530
1750612300113,78.97,2.363,buy,293661531
1750612300156,78.98,6.045,buy,293661532
1750612300160,78.98,5.736,buy,293661533
1750612300237,78.99,2.387,buy,293661534
1750612300322,78.99,1.719,buy,293661535
1750612300571,79,12.468,buy,293661536
1750612300571,78.99,1.998,sell,293661537
1750612300574,79,7.684,buy,293661538
1750612300574,79,18.602,buy,293661539
1750612300575,79,23.181,buy,293661540
1750612300575,79.01,18.602,buy,293661541
1750612300576,79.01,0.068,buy,293661542
1750612300576,79.02,4.88,buy,293661543
1750612300577,79.02,7.445,buy,293661544
1750612300577,79.02,6.846,buy,293661545
1750612300577,79.02,5.076,buy,293661546
1750612300578,79.02,1.07,buy,293661547
1750612300591,79.03,6.329,buy,293661548
1750612300596,79.03,0.07,buy,293661549
1750612300669,79.03,2.298,buy,293661550
1750612300669,79.03,2.143,buy,293661551
1750612300670,79.03,8.664,buy,293661552
1750612300672,79.04,6.192,buy,293661553
1750612300672,79.04,6.192,buy,293661554
1750612300675,79.04,2.348,buy,293661555
1750612300750,79.05,4,buy,293661556
1750612300835,79.05,1.652,buy,293661557
1750612301006,79.06,0.193,buy,293661558
1750612301067,79.06,0.145,buy,293661559
1750612301070,79.06,0.651,sell,293661560
1750612301445,79.07,1.553,buy,293661561
1750612301457,79.07,2.028,buy,293661562
1750612301508,79.07,1.621,buy,293661563
1750612301513,79.07,0.489,sell,293661564
1750612302023,79.07,0.236,sell,293661565
1750612302110,79.08,1.181,buy,293661566
1750612302415,79.07,27.456,sell,293661567
1750612302448,79.06,0.153,sell,293661568
1750612302507,79.06,11.523,sell,293661569
1750612302903,79.05,0.331,sell,293661570
1750612303009,79.05,8.239,buy,293661571
1750612303020,79.05,1.05,buy,293661572
1750612303022,79.05,0.131,buy,293661573
1750612303273,79.04,11.581,sell,293661574
1750612303926,79.04,0.455,buy,293661575
1750612303962,79.03,1.181,sell,293661576
1750612303963,79.03,20.198,sell,293661577
1750612304210,79.03,0.07,sell,293661578
1750612304395,79.03,11.384,sell,293661579
1750612304801,79.04,13.656,buy,293661580
1750612304803,79.04,0.068,buy,293661581
1750612305297,79.05,0.199,buy,293661582
1750612306255,79.05,11.694,buy,293661583
1750612307575,79.04,0.145,sell,293661584
1750612308519,79.05,4.394,buy,293661585
1750612308530,79.06,2.76,buy,293661586
1750612308635,79.06,0.705,buy,293661587
1750612308900,79.05,0.077,sell,293661588
1750612309534,79.06,0.19,buy,293661589
1750612311066,79.05,0.421,sell,293661590
1750612312332,79.05,0.265,buy,293661591
1750612312362,79.05,0.455,buy,293661592
1750612312399,79.05,15.089,buy,293661593
1750612313419,79.04,0.305,sell,293661594
1750612313714,79.04,5.949,sell,293661595
1750612313715,79.04,0.344,sell,293661596
1750612314030,79.03,0.399,sell,293661597
1750612314032,79.03,0.068,sell,293661598
1750612314376,79.02,0.4,sell,293661599
1750612314404,79.02,0.135,sell,293661600
1750612315683,79.01,0.576,sell,293661601
1750612316106,79.01,0.082,buy,293661602
1750612316301,79.01,40.274,buy,293661603
1750612316455,79.01,0.136,buy,293661604
1750612317306,79.01,0.792,sell,293661605
1750612317311,79.02,0.139,buy,293661606
1750612318145,79.01,0.255,buy,293661607
1750612318456,79,2.537,sell,293661608
1750612318644,79.01,0.316,buy,293661609
1750612319675,79.01,0.498,buy,293661610
1750612319886,79.01,0.272,buy,293661611
1750612319886,79.02,0.562,buy,293661612
1750612321537,79.03,1.731,buy,293661613
1750612321537,79.03,0.068,buy,293661614
1750612321543,79.04,0.435,buy,293661615
1750612321720,79.05,8.971,buy,293661616
1750612321743,79.05,19.65,buy,293661617
1750612322182,79.06,0.469,buy,293661618
1750612323162,79.06,0.189,sell,293661619
1750612323616,79.07,0.34,buy,293661620
1750612323617,79.08,1.061,buy,293661621
1750612323663,79.09,0.644,buy,293661622
1750612323664,79.09,0.068,buy,293661623
1750612323791,79.1,0.568,buy,293661624
1750612323859,79.1,0.945,buy,293661625
1750612323859,79.11,14.483,buy,293661626
1750612323859,79.12,0.403,buy,293661627
1750612324223,79.1,0.127,sell,293661628
1750612324237,79.1,1,buy,293661629
1750612324562,79.09,0.127,sell,293661630
1750612324677,79.08,0.127,sell,293661631
1750612324702,79.08,44.695,buy,293661632
1750612324878,79.08,0.204,buy,293661633
1750612325145,79.09,0.331,buy,293661634
1750612325161,79.09,0.136,buy,293661635
1750612325161,79.1,0.399,buy,293661636
1750612325161,79.11,0.993,buy,293661637
1750612325174,79.11,1.181,buy,293661638
1750612326102,79.1,0.155,buy,293661639
1750612327401,79.09,0.114,sell,293661640
1750612327637,79.09,0.153,sell,293661641
1750612327818,79.09,0.153,sell,293661642
1750612327980,79.09,0.153,sell,293661643
1750612328043,79.09,16.086,sell,293661644
1750612328043,79.08,20.74,sell,293661645
1750612328049,79.09,0.204,buy,293661646
1750612328062,79.1,11.586,buy,293661647
1750612328283,79.11,0.632,buy,293661648
1750612328479,79.09,2.728,sell,293661649
1750612328527,79.1,9.171,buy,293661650
1750612328889,79.1,0.095,buy,293661651
1750612329101,79.1,12.317,buy,293661652
1750612329141,79.1,2.165,sell,293661653
1750612329352,79.1,0.154,buy,293661654
1750612330154,79.1,0.272,buy,293661655
1750612331112,79.11,3.241,buy,293661656
1750612331118,79.11,1.181,buy,293661657
1750612331123,79.11,0.272,buy,293661658
1750612331202,79.11,6.896,buy,293661659
1750612332167,79.12,0.601,buy,293661660
1750612332265,79.13,1.761,buy,293661661
1750612332340,79.13,0.34,buy,293661662
1750612332631,79.14,14.174,buy,293661663
1750612332631,79.14,12.692,buy,293661664
1750612332632,79.15,11.669,buy,293661665
1750612332632,79.15,2.38,buy,293661666
1750612332632,79.16,20.899,buy,293661667
1750612332632,79.17,24.217,buy,293661668
1750612332633,79.18,57.897,buy,293661669
1750612332633,79.19,107.69,buy,293661670
1750612332635,79.18,4.825,sell,293661671
1750612332635,79.17,9.17,sell,293661672
1750612332635,79.17,1.112,sell,293661673
1750612332635,79.18,1.251,sell,293661674
1750612332636,79.18,0.07,buy,293661675
1750612332638,79.18,6.317,buy,293661676
1750612332638,79.17,9.519,sell,293661677
1750612332642,79.16,0.204,sell,293661678
1750612332676,79.16,16.028,buy,293661679
1750612332685,79.17,11.454,buy,293661680
1750612332685,79.18,12.981,buy,293661681
1750612332687,79.18,9.225,sell,293661682
1750612332689,79.18,4.575,sell,293661683
1750612332690,79.18,0.136,sell,293661684
1750612332690,79.18,2.254,sell,293661685
1750612332725,79.18,16.571,buy,293661686
1750612332804,79.18,15.695,buy,293661687
1750612332856,79.19,1.195,buy,293661688
1750612332856,79.19,1.195,buy,293661689
1750612332856,79.19,1.195,buy,293661690
1750612332856,79.19,1.192,buy,293661691
1750612332856,79.19,1.195,buy,293661692
1750612332878,79.19,1.051,buy,293661693
1750612333003,79.19,4.262,buy,293661694
1750612333046,79.19,0.136,buy,293661695
1750612333150,79.2,5.025,buy,293661696
1750612333173,79.2,0.599,buy,293661697
1750612333379,79.2,3.139,buy,293661698
1750612333405,79.21,0.332,buy,293661699
1750612333412,79.22,4.103,buy,293661700
1750612333419,79.23,1.85,buy,293661701
1750612333423,79.24,5.09,buy,293661702
1750612333424,79.24,3.298,buy,293661703
1750612333487,79.24,18.452,buy,293661704
1750612333593,79.24,0.204,buy,293661705
1750612333593,79.25,0.195,buy,293661706
1750612333657,79.25,0.599,buy,293661707
1750612333758,79.24,7.348,sell,293661708
1750612333760,79.24,0.068,sell,293661709
1750612333870,79.23,28.545,sell,293661710
1750612333884,79.23,0.066,sell,293661711
1750612333885,79.23,1.066,sell,293661712
1750612333885,79.22,17.871,sell,293661713
1750612333892,79.22,3.188,buy,293661714
1750612333988,79.22,0.6,buy,293661715
1750612334152,79.22,0.6,buy,293661716
1750612334275,79.21,0.993,sell,293661717
1750612334289,79.21,1.752,sell,293661718
1750612334568,79.22,0.4,buy,293661719
1750612334610,79.22,3.5,buy,293661720
1750612334655,79.22,0.599,buy,293661721
1750612334963,79.21,0.462,sell,293661722
1750612335151,79.22,0.599,buy,293661723
1750612335485,79.22,3.011,buy,293661724
1750612335488,79.22,0.204,buy,293661725
1750612335571,79.23,0.399,buy,293661726
1750612335875,79.22,0.079,sell,293661727
1750612336573,79.23,0.204,buy,293661728
1750612336573,79.24,0.196,buy,293661729
1750612336829,79.24,0.347,buy,293661730
1750612336831,79.24,0.068,buy,293661731
1750612336835,79.25,1.181,buy,293661732
1750612336875,79.24,10.669,sell,293661733
1750612336997,79.24,0.204,sell,293661734
1750612337002,79.23,0.134,sell,293661735
1750612337317,79.23,0.153,sell,293661736
1750612337572,79.24,0.4,buy,293661737
1750612337989,79.24,0.136,buy,293661738
1750612338029,79.25,2.362,buy,293661739
1750612338385,79.24,1.548,sell,293661740
1750612338804,79.25,0.89,buy,293661741
1750612339044,79.25,0.204,buy,293661742
1750612339045,79.26,14.327,buy,293661743
1750612339077,79.27,0.07,buy,293661744
1750612339099,79.27,0.076,buy,293661745
1750612339099,79.27,0.39,buy,293661746
1750612339175,79.27,2.362,buy,293661747
1750612339249,79.26,0.272,sell,293661748
1750612339931,79.26,9.757,buy,293661749
1750612339931,79.26,8.86,buy,293661750
1750612339932,79.26,2.62,buy,293661751
1750612339932,79.26,1.96,buy,293661752
1750612339932,79.26,2.424,buy,293661753
1750612339932,79.26,11.543,buy,293661754
1750612340022,79.27,0.331,buy,293661755
1750612340022,79.28,0.85,buy,293661756
1750612340238,79.28,3,buy,293661757
1750612340330,79.28,7.386,buy,293661758
1750612340330,79.29,4.241,buy,293661759
1750612340521,79.29,0.136,buy,293661760
1750612340667,79.3,2.913,buy,293661761
1750612341709,79.3,0.192,sell,293661762
1750612341713,79.3,3.868,sell,293661763
1750612341804,79.3,0.631,sell,293661764
1750612341813,79.3,0.076,sell,293661765
1750612341901,79.3,0.46,sell,293661766
1750612341904,79.3,0.153,sell,293661767
1750612342098,79.3,9.623,sell,293661768
1750612342400,79.3,0.62,sell,293661769
1750612342783,79.3,0.197,sell,293661770
1750612342853,79.3,8.714,sell,293661771
1750612342989,79.31,0.626,buy,293661772
1750612343549,79.3,18.356,sell,293661773
1750612343982,79.3,0.204,buy,293661774
1750612344677,79.3,0.204,sell,293661775
1750612345274,79.29,12.582,sell,293661776
1750612346087,79.28,0.34,sell,293661777
1750612346141,79.28,0.204,buy,293661778
1750612346172,79.29,4.323,buy,293661779
1750612346215,79.29,1.497,buy,293661780
1750612346761,79.28,0.34,sell,293661781
1750612347436,79.28,0.863,buy,293661782
1750612347506,79.27,0.09,sell,293661783
1750612347743,79.27,2,sell,293661784
1750612347795,79.27,0.3,sell,293661785
1750612347955,79.27,0.115,sell,293661786
1750612348486,79.27,6.842,sell,293661787
1750612348544,79.27,0.136,sell,293661788
1750612349146,79.26,0.467,sell,293661789
1750612349156,79.26,0.151,buy,293661790
1750612349346,79.25,1,sell,293661791
1750612349529,79.26,0.204,buy,293661792
1750612349730,79.26,0.272,sell,293661793
1750612349919,79.26,0.204,buy,293661794
1750612349957,79.26,7.714,sell,293661795
1750612349958,79.26,0.068,sell,293661796
1750612349971,79.25,0.399,sell,293661797
1750612350262,79.24,10,sell,293661798
1750612350927,79.24,0.41,sell,293661799
1750612350930,79.24,0.061,sell,293661800
1750612351082,79.23,2.532,sell,293661801
1750612351635,79.24,4.882,buy,293661802
1750612352509,79.25,0.726,buy,293661803
1750612352510,79.25,0.068,buy,293661804
1750612354278,79.25,2.524,sell,293661805
1750612354392,79.25,0.571,sell,293661806
1750612355211,79.25,6.579,sell,293661807
1750612355254,79.24,2.417,sell,293661808
1750612356441,79.25,0.649,buy,293661809
1750612356443,79.25,0.068,buy,293661810
1750612356934,79.25,3.271,sell,293661811
1750612357006,79.24,3.924,sell,293661812
1750612357278,79.24,0.152,sell,293661813
1750612358038,79.25,0.34,buy,293661814
1750612358038,79.26,5.073,buy,293661815
1750612358473,79.26,0.204,buy,293661816
1750612358919,79.27,0.417,buy,293661817
1750612359798,79.27,0.136,buy,293661818
1750612360523,79.27,0.34,sell,293661819
1750612362342,79.26,4.338,sell,293661820
1750612362469,79.26,10.626,sell,293661821
1750612362469,79.25,2.056,sell,293661822
1750612363012,79.26,0.204,buy,293661823
1750612363303,79.27,0.252,buy,293661824
1750612363923,79.27,0.456,buy,293661825
1750612367094,79.27,0.204,buy,293661826
1750612367811,79.27,0.272,sell,293661827
1750612367828,79.26,1.131,sell,293661828
1750612368580,79.27,0.272,buy,293661829
1750612371221,79.27,0.272,sell,293661830
1750612371311,79.27,1.32,buy,293661831
1750612371651,79.27,1,buy,293661832
1750612371771,79.27,0.272,buy,293661833
1750612372144,79.27,6.465,sell,293661834
1750612372153,79.27,3.222,sell,293661835
1750612372283,79.27,0.136,sell,293661836
1750612372938,79.26,0.399,sell,293661837
1750612373731,79.25,0.467,sell,293661838
1750612373996,79.25,3.225,buy,293661839
1750612373998,79.25,2.988,buy,293661840
1750612374004,79.25,4.99,buy,293661841
1750612374004,79.25,0.136,buy,293661842
1750612374077,79.26,0.252,buy,293661843
1750612374213,79.26,1.181,buy,293661844
1750612374652,79.25,2.687,sell,293661845
1750612374652,79.25,0.068,sell,293661846
1750612376039,79.25,0.164,buy,293661847
1750612376764,79.25,0.272,buy,293661848
1750612377071,79.26,7.765,buy,293661849
1750612377179,79.25,14.09,sell,293661850
1750612377974,79.25,0.204,buy,293661851
1750612378612,79.25,0.204,sell,293661852
1750612378874,79.24,0.13,sell,293661853
1750612379434,79.25,0.204,buy,293661854
1750612380027,79.26,0.328,buy,293661855
1750612381012,79.25,0.272,sell,293661856
1750612381397,79.25,0.272,buy,293661857
1750612381695,79.26,0.4,buy,293661858
1750612381695,79.26,0.067,buy,293661859
1750612383045,79.27,1.256,buy,293661860
1750612383065,79.27,1.053,buy,293661861
1750612383081,79.27,0.128,buy,293661862
1750612383088,79.27,1.053,buy,293661863
1750612383548,79.27,0.114,buy,293661864
1750612383913,79.27,14.245,buy,293661865
1750612383913,79.27,49.686,buy,293661866
1750612384113,79.28,0.467,buy,293661867
1750612384113,79.29,0.714,buy,293661868
1750612385196,79.28,0.272,sell,293661869
1750612385369,79.27,0.331,sell,293661870
1750612385509,79.26,0.467,sell,293661871
1750612386865,79.25,0.467,sell,293661872
1750612386937,79.24,1.87,sell,293661873
1750612389174,79.25,10.42,buy,293661874
1750612389174,79.26,3.359,buy,293661875
1750612389263,79.25,0.204,sell,293661876
1750612389759,79.25,0.204,buy,293661877
1750612389957,79.26,13.048,buy,293661878
1750612389990,79.27,0.562,buy,293661879
1750612390032,79.28,0.562,buy,293661880
1750612390032,79.29,0.619,buy,293661881
1750612390053,79.29,0.068,buy,293661882
1750612390136,79.3,1.181,buy,293661883
1750612390854,79.29,3.456,sell,293661884
1750612391277,79.29,0.697,sell,293661885
1750612391280,79.29,13.125,sell,293661886
1750612391281,79.29,2.984,sell,293661887
1750612391284,79.29,0.204,sell,293661888
1750612391723,79.29,0.272,buy,293661889
1750612392778,79.29,3.858,sell,293661890
1750612393130,79.28,2.113,sell,293661891
1750612394294,79.27,0.466,sell,293661892
1750612394296,79.27,0.068,sell,293661893
1750612395292,79.27,73.608,buy,293661894
1750612395292,79.28,5.111,buy,293661895
1750612395515,79.27,0.204,sell,293661896
1750612395969,79.26,1,sell,293661897
1750612397052,79.27,0.272,buy,293661898
1750612397529,79.27,0.272,sell,293661899
1750612398388,79.27,0.272,buy,293661900
1750612398647,79.28,2.56,buy,293661901
1750612400945,79.28,0.272,buy,293661902
1750612400965,79.29,0.537,buy,293661903
1750612401601,79.29,10.265,sell,293661904
1750612401603,79.29,0.068,sell,293661905
1750612402144,79.29,0.095,buy,293661906
1750612402572,79.28,0.467,sell,293661907
1750612404605,79.27,0.265,sell,293661908
1750612405801,79.27,0.14,sell,293661909
1750612405888,79.28,0.272,buy,293661910
1750612405890,79.28,0.068,buy,293661911
1750612405905,79.29,1.85,buy,293661912
1750612405946,79.29,0.4,buy,293661913
1750612405948,79.29,0.067,buy,293661914
1750612406066,79.3,1.181,buy,293661915
1750612406206,79.3,0.312,buy,293661916
1750612406321,79.3,0.136,buy,293661917
1750612407688,79.31,0.537,buy,293661918
1750612407753,79.32,0.537,buy,293661919
1750612413046,79.32,3.518,sell,293661920
1750612413204,79.31,3.197,sell,293661921
1750612413276,79.3,0.467,sell,293661922
1750612415082,79.29,0.459,sell,293661923
1750612415407,79.28,0.41,sell,293661924
1750612415407,79.27,0.311,sell,293661925
1750612416065,79.27,0.399,sell,293661926
1750612416467,79.26,1.554,sell,293661927
1750612417512,79.25,0.399,sell,293661928
1750612417513,79.25,0.068,sell,293661929
1750612417646,79.24,0.467,sell,293661930
1750612417692,79.24,0.189,buy,293661931
1750612417994,79.23,0.467,sell,293661932
1750612418175,79.22,0.597,sell,293661933
1750612418187,79.22,0.136,sell,293661934
1750612418197,79.21,0.097,sell,293661935
1750612419555,79.21,0.639,sell,293661936
1750612419890,79.22,9.731,buy,293661937
1750612419956,79.21,0.089,sell,293661938
1750612419978,79.21,0.513,sell,293661939
1750612420022,79.21,0.07,sell,293661940
1750612420867,79.22,0.902,buy,293661941
1750612420952,79.23,1.181,buy,293661942
1750612420955,79.23,0.136,buy,293661943
1750612421881,79.23,0.204,sell,293661944
1750612422587,79.22,0.34,sell,293661945
1750612423006,79.22,0.088,buy,293661946
1750612423024,79.21,0.399,sell,293661947
1750612423026,79.21,0.068,sell,293661948
1750612423328,79.2,0.665,sell,293661949
1750612424485,79.19,0.399,sell,293661950
1750612424487,79.19,0.068,sell,293661951
1750612424559,79.18,0.665,sell,293661952
1750612424655,79.17,0.217,sell,293661953
1750612425707,79.17,0.272,sell,293661954
1750612425709,79.17,0.068,sell,293661955
1750612425872,79.16,0.154,sell,293661956
1750612427041,79.16,0.433,sell,293661957
1750612427266,79.16,0.204,buy,293661958
1750612427477,79.17,13.842,buy,293661959
1750612427745,79.17,0.136,buy,293661960
1750612427804,79.18,0.308,buy,293661961
1750612428337,79.18,8.894,buy,293661962
1750612428366,79.17,0.194,sell,293661963
1750612428575,79.18,0.136,buy,293661964
1750612428652,79.18,0.195,sell,293661965
1750612428948,79.18,0.197,sell,293661966
1750612430319,79.19,0.311,buy,293661967
1750612430441,79.18,0.204,sell,293661968
1750612433177,79.18,0.272,buy,293661969
1750612434999,79.19,0.126,buy,293661970
1750612435733,79.19,0.467,buy,293661971
1750612435733,79.2,0.795,buy,293661972
1750612436013,79.2,0.204,buy,293661973
1750612438149,79.2,15.76,sell,293661974
1750612438544,79.2,0.34,sell,293661975
1750612439090,79.19,4.48,sell,293661976
1750612439490,79.2,6.312,buy,293661977
1750612439781,79.19,0.119,sell,293661978
1750612440578,79.19,0.221,sell,293661979
1750612441288,79.18,30.265,sell,293661980
1750612441288,79.18,0.068,sell,293661981
1750612441378,79.18,0.095,buy,293661982
1750612441392,79.17,0.467,sell,293661983
1750612441587,79.16,10.111,sell,293661984
1750612442146,79.16,1.026,sell,293661985
1750612442439,79.16,0.204,sell,293661986
1750612442901,79.15,15.672,sell,293661987
1750612442939,79.15,0.136,sell,293661988
1750612443106,79.14,3.537,sell,293661989
1750612444833,79.13,0.202,sell,293661990
1750612444931,79.13,0.265,sell,293661991
1750612445065,79.12,0.538,sell,293661992
1750612445859,79.12,0.272,buy,293661993
1750612446448,79.12,0.296,sell,293661994
1750612448561,79.12,2.149,sell,293661995
1750612452267,79.12,0.666,sell,293661996
1750612452267,79.11,10.524,sell,293661997
1750612452267,79.1,38.852,sell,293661998
1750612454908,79.1,0.289,buy,293661999
1750612454911,79.1,26.849,buy,293662000
1750612454912,79.1,0.204,buy,293662001
1750612457601,79.1,0.496,sell,293662002
1750612457926,79.11,11.84,buy,293662003
1750612457955,79.11,0.475,buy,293662004
1750612458102,79.1,2.648,sell,293662005
1750612458360,79.1,1.396,sell,293662006
1750612458360,79.09,18.036,sell,293662007
1750612458367,79.08,38.659,sell,293662008
1750612458368,79.08,13.236,sell,293662009
1750612458369,79.08,3.297,buy,293662010
1750612458717,79.07,10,sell,293662011
1750612458725,79.08,19.703,buy,293662012
1750612458725,79.09,7.722,buy,293662013
1750612458756,79.08,0.204,sell,293662014
1750612459217,79.07,0.15,sell,293662015
1750612460257,79.08,2.619,buy,293662016
1750612461404,79.07,0.969,sell,293662017
1750612461426,79.07,1.156,sell,293662018
1750612461641,79.07,0.193,sell,293662019
1750612462193,79.07,19.46,sell,293662020
1750612462619,79.07,10.206,buy,293662021
1750612463448,79.06,0.537,sell,293662022
1750612463555,79.05,0.467,sell,293662023
1750612463670,79.05,27.977,buy,293662024
1750612463937,79.05,0.204,buy,293662025
1750612463961,79.05,0.154,sell,293662026
1750612465062,79.06,0.278,buy,293662027
1750612465225,79.06,0.189,buy,293662028
1750612465225,79.07,0.992,buy,293662029
1750612466246,79.06,0.204,sell,293662030
1750612466965,79.06,2.034,buy,293662031
1750612468123,79.05,1.243,sell,293662032
1750612468255,79.06,0.201,buy,293662033
1750612469542,79.06,1.264,buy,293662034
1750612469544,79.06,0.136,buy,293662035
1750612470924,79.07,13.503,buy,293662036
1750612470924,79.07,62.209,buy,293662037
1750612470924,79.07,104.16,buy,293662038
1750612470926,79.07,4.978,buy,293662039
1750612470926,79.07,11.257,buy,293662040
1750612470926,79.07,9.622,buy,293662041
1750612470997,79.08,10.555,buy,293662042
1750612470997,79.09,2.13,buy,293662043
1750612471004,79.09,3.751,buy,293662044
1750612471072,79.09,2.362,buy,293662045
1750612471679,79.08,0.319,sell,293662046
1750612472342,79.08,0.15,sell,293662047
1750612472434,79.09,0.204,buy,293662048
1750612472572,79.1,0.514,buy,293662049
1750612472582,79.09,0.72,sell,293662050
1750612473120,79.09,0.165,sell,293662051
1750612473293,79.1,0.295,buy,293662052
1750612473306,79.09,0.07,sell,293662053
1750612473582,79.09,0.272,sell,293662054
1750612475631,79.08,1.707,sell,293662055
1750612477079,79.08,0.59,sell,293662056
1750612477634,79.09,0.34,buy,293662057
1750612480723,79.1,0.281,buy,293662058
1750612481055,79.1,0.093,buy,293662059
1750612481258,79.09,0.091,sell,293662060
1750612482484,79.09,0.199,sell,293662061
1750612482527,79.09,0.527,sell,293662062
1750612482983,79.09,3.274,sell,293662063
1750612484043,79.1,17.785,buy,293662064
1750612484100,79.09,0.27,sell,293662065
1750612485035,79.09,9.99,sell,293662066
1750612487287,79.09,11.973,sell,293662067
1750612487977,79.08,0.552,sell,293662068
1750612487977,79.07,2.723,sell,293662069
1750612488895,79.07,1.876,sell,293662070
1750612489697,79.08,0.646,buy,293662071
1750612490561,79.07,7.778,sell,293662072
1750612490562,79.07,0.362,sell,293662073
1750612490562,79.07,0.048,sell,293662074
1750612490831,79.07,0.419,buy,293662075
1750612493667,79.06,0.611,sell,293662076
1750612493840,79.06,0.549,sell,293662077
1750612495030,79.05,0.34,sell,293662078
1750612497467,79.04,0.57,sell,293662079
1750612497469,79.04,0.067,sell,293662080
1750612497981,79.03,1.45,sell,293662081
1750612498003,79.03,0.136,sell,293662082
1750612498010,79.02,0.537,sell,293662083
1750612498113,79.01,0.742,sell,293662084
1750612499116,79.02,5.031,buy,293662085
1750612499116,79.03,24.377,buy,293662086
1750612499119,79.03,3.322,sell,293662087
1750612499215,79.04,1.181,buy,293662088
1750612501065,79.03,0.34,sell,293662089
1750612501205,79.02,13.02,sell,293662090
1750612501680,79.02,0.095,buy,293662091
1750612501762,79.02,0.272,buy,293662092
1750612501901,79.03,0.426,buy,293662093
1750612501999,79.04,0.755,buy,293662094
1750612502238,79.04,0.34,buy,293662095
1750612502585,79.05,0.399,buy,293662096
1750612502780,79.05,0.136,buy,293662097
1750612502780,79.06,1.045,buy,293662098
1750612502784,79.06,0.204,buy,293662099
1750612504192,79.07,0.632,buy,293662100
1750612504337,79.06,0.272,sell,293662101
1750612504363,79.05,0.918,sell,293662102
1750612505491,79.05,0.399,sell,293662103
1750612506096,79.05,0.082,buy,293662104
1750612506509,79.04,4.267,sell,293662105
1750612506862,79.03,4.167,sell,293662106
1750612506971,79.02,1.181,sell,293662107
1750612508075,79.03,8,buy,293662108
1750612510677,79.02,0.204,sell,293662109
1750612511299,79.02,0.242,buy,293662110
1750612513724,79.01,0.52,sell,293662111
1750612513805,79.01,0.13,sell,293662112
1750612513805,79,1.026,sell,293662113
1750612514270,79,0.58,sell,293662114
1750612514273,79,0.059,sell,293662115
1750612514273,78.99,6.858,sell,293662116
1750612515486,78.99,2.092,buy,293662117
1750612516006,79,0.119,buy,293662118
1750612517243,79,0.855,buy,293662119
1750612517296,78.99,0.27,sell,293662120
1750612517638,78.99,0.204,sell,293662121
1750612520025,78.98,0.71,sell,293662122
1750612520073,78.98,0.13,sell,293662123
1750612520131,78.97,0.537,sell,293662124
1750612520446,78.97,0.34,buy,293662125
1750612520779,78.98,0.42,buy,293662126
1750612522252,78.98,17.26,buy,293662127
1750612523250,78.98,14.336,sell,293662128
1750612523252,78.98,0.068,sell,293662129
1750612524323,78.97,0.606,sell,293662130
1750612524807,78.96,0.665,sell,293662131
1750612526517,78.95,1.157,sell,293662132
1750612526521,78.95,0.136,sell,293662133
1750612528567,78.95,0.34,buy,293662134
1750612528963,78.95,0.204,sell,293662135
1750612532317,78.95,0.34,buy,293662136
1750612532740,78.96,0.399,buy,293662137
1750612532823,78.96,0.136,buy,293662138
1750612532823,78.97,0.467,buy,293662139
1750612532823,78.98,0.613,buy,293662140
1750612533445,78.97,0.272,sell,293662141
1750612534106,78.96,0.1,sell,293662142
1750612534110,78.96,0.299,sell,293662143
1750612535020,78.96,0.204,buy,293662144
1750612537053,78.96,0.204,sell,293662145
1750612537622,78.96,0.204,buy,293662146
1750612538842,78.97,1.825,buy,293662147
1750612539668,78.96,0.272,sell,293662148
1750612540625,78.96,0.447,buy,293662149
1750612540627,78.96,0.068,buy,293662150
1750612541274,78.97,0.441,buy,293662151
1750612541906,78.98,0.719,buy,293662152
1750612542094,78.98,0.089,buy,293662153
1750612542280,78.98,0.136,buy,293662154
1750612542896,78.99,8.777,buy,293662155
1750612544166,78.98,0.392,sell,293662156
1750612545344,78.98,0.34,buy,293662157
1750612546181,78.98,0.204,sell,293662158
1750612547890,78.98,0.739,buy,293662159
1750612548936,78.97,1.567,sell,293662160
1750612549047,78.96,1.181,sell,293662161
1750612549095,78.96,0.136,sell,293662162
1750612550423,78.95,0.615,sell,293662163
1750612550957,78.96,1.669,buy,293662164
1750612550959,78.96,0.068,buy,293662165
1750612551782,78.96,0.272,sell,293662166
1750612551972,78.95,2.014,sell,293662167
1750612552796,78.94,0.537,sell,293662168
1750612554624,78.94,2.571,buy,293662169
1750612554680,78.93,0.537,sell,293662170
1750612554978,78.93,0.152,buy,293662171
1750612555178,78.93,0.215,buy,293662172
1750612555711,78.92,0.758,sell,293662173
1750612556160,78.91,0.537,sell,293662174
1750612556206,78.9,2.05,sell,293662175
1750612556631,78.9,4.637,sell,293662176
1750612557147,78.89,25.818,sell,293662177
1750612557532,78.89,0.272,buy,293662178
1750612557692,78.9,0.527,buy,293662179
1750612557697,78.9,0.136,buy,293662180
1750612557714,78.91,0.467,buy,293662181
1750612557714,78.92,0.301,buy,293662182
1750612558078,78.92,0.343,buy,293662183
1750612558254,78.91,0.204,sell,293662184
1750612560271,78.9,4.467,sell,293662185
1750612560337,78.89,0.563,sell,293662186
1750612560361,78.88,1.344,sell,293662187
1750612560398,78.87,0.467,sell,293662188
1750612560425,78.86,12.29,sell,293662189
1750612560425,78.86,13.906,sell,293662190
1750612560682,78.85,0.399,sell,293662191
1750612560762,78.84,0.564,sell,293662192
1750612560764,78.83,18.53,sell,293662193
1750612560930,78.83,0.204,buy,293662194
1750612560930,78.84,0.204,buy,293662195
1750612561201,78.84,0.843,sell,293662196
1750612561201,78.84,0.964,sell,293662197
1750612561205,78.84,5.552,sell,293662198
1750612561261,78.85,1.522,buy,293662199
1750612561266,78.85,0.136,buy,293662200
1750612561275,78.86,0.427,buy,293662201
1750612561297,78.87,0.392,buy,293662202
1750612561301,78.87,0.171,buy,293662203
1750612561958,78.88,0.467,buy,293662204
1750612562222,78.89,3.327,buy,293662205
1750612562405,78.89,0.136,buy,293662206
1750612562665,78.9,0.331,buy,293662207
1750612562666,78.9,0.068,buy,293662208
1750612562801,78.91,0.399,buy,293662209
1750612563094,78.91,0.136,buy,293662210
1750612563094,78.92,0.469,buy,293662211
1750612563094,78.93,1.139,buy,293662212
1750612563098,78.93,0.07,buy,293662213
1750612563100,78.93,0.619,buy,293662214
1750612563755,78.93,0.136,buy,293662215
1750612564895,78.94,2,buy,293662216
1750612565156,78.94,2.841,buy,293662217
1750612565224,78.94,0.136,buy,293662218
1750612565319,78.95,1.045,buy,293662219
1750612565682,78.94,0.153,sell,293662220
1750612566521,78.95,0.461,buy,293662221
1750612567830,78.95,0.204,buy,293662222
1750612568670,78.95,0.298,sell,293662223
1750612568847,78.95,0.095,buy,293662224
1750612568910,78.94,5.467,sell,293662225
1750612569026,78.93,1.181,sell,293662226
1750612569325,78.94,1.67,buy,293662227
1750612570156,78.93,1.9,sell,293662228
1750612570386,78.93,0.136,sell,293662229
1750612570926,78.93,0.101,buy,293662230
1750612571202,78.93,0.353,buy,293662231
1750612572896,78.92,0.51,sell,293662232
1750612572899,78.92,0.062,sell,293662233
1750612572941,78.91,5.174,sell,293662234
1750612573983,78.91,0.204,buy,293662235
1750612574100,78.92,1.181,buy,293662236
1750612574415,78.91,0.272,sell,293662237
1750612575214,78.9,0.399,sell,293662238
1750612575215,78.9,0.068,sell,293662239
1750612575332,78.89,0.467,sell,293662240
1750612575661,78.88,0.467,sell,293662241
1750612575718,78.88,0.452,buy,293662242
1750612575874,78.87,0.467,sell,293662243
1750612576118,78.87,0.126,buy,293662244
1750612576615,78.86,0.1,sell,293662245
1750612576800,78.86,4.432,sell,293662246
1750612577122,78.86,2.208,sell,293662247
1750612577499,78.87,1.056,buy,293662248
1750612577650,78.86,0.204,sell,293662249
1750612577697,78.85,4.059,sell,293662250
1750612577733,78.84,0.563,sell,293662251
1750612578049,78.83,4.113,sell,293662252
1750612578452,78.83,0.204,buy,293662253
1750612579378,78.83,0.204,sell,293662254
1750612580800,78.83,2.856,buy,293662255
1750612582893,78.83,11.485,buy,293662256
1750612582893,78.83,15.874,buy,293662257
1750612582970,78.84,0.467,buy,293662258
1750612582970,78.85,0.714,buy,293662259
1750612583322,78.84,0.272,sell,293662260
1750612583440,78.84,0.471,buy,293662261
1750612584983,78.83,0.34,sell,293662262
1750612585351,78.83,0.204,buy,293662263
1750612586600,78.84,0.399,buy,293662264
1750612586775,78.84,0.136,buy,293662265
1750612586775,78.85,1.045,buy,293662266
1750612587660,78.84,0.272,sell,293662267
1750612588153,78.84,0.204,buy,293662268
1750612588269,78.85,1.181,buy,293662269
1750612588369,78.85,1.371,buy,293662270
1750612588464,78.86,0.399,buy,293662271
1750612588466,78.86,0.068,buy,293662272
1750612588588,78.87,0.333,buy,293662273
1750612588655,78.87,0.185,buy,293662274
1750612591190,78.87,0.272,buy,293662275
1750612591190,78.88,5.728,buy,293662276
1750612591196,78.88,17.619,buy,293662277
1750612593305,78.89,11.965,buy,293662278
1750612593306,78.89,13.284,buy,293662279
1750612593629,78.9,0.467,buy,293662280
1750612593748,78.91,0.108,buy,293662281
1750612594466,78.91,0.291,buy,293662282
1750612594469,78.91,0.068,buy,293662283
1750612594680,78.91,0.204,sell,293662284
1750612594866,78.91,0.089,buy,293662285
1750612595368,78.9,6.853,sell,293662286
1750612595368,78.9,0.068,sell,293662287
1750612597392,78.9,0.253,buy,293662288
1750612599807,78.9,10.333,buy,293662289
1750612599807,78.91,16.561,buy,293662290
1750612599875,78.9,0.272,sell,293662291
1750612600024,78.9,6.151,buy,293662292
1750612600024,78.91,1.706,buy,293662293
1750612600148,78.9,0.204,sell,293662294
1750612600755,78.9,0.08,buy,293662295
1750612600855,78.89,0.33,sell,293662296
1750612600965,78.89,0.18,sell,293662297
1750612600965,78.89,0.061,sell,293662298
1750612601010,78.88,0.204,sell,293662299
1750612601419,78.88,0.272,buy,293662300
1750612606099,78.88,0.25,sell,293662301
1750612607359,78.88,0.478,sell,293662302
1750612609168,78.88,0.507,buy,293662303
1750612609262,78.87,0.34,sell,293662304
1750612609649,78.86,0.562,sell,293662305
1750612611007,78.86,6.332,buy,293662306
1750612611208,78.85,0.145,sell,293662307
1750612613083,78.86,0.204,buy,293662308
1750612613453,78.86,0.204,sell,293662309
1750612615322,78.86,0.15,buy,293662310
1750612617241,78.86,1.399,buy,293662311
1750612617311,78.86,0.204,buy,293662312
1750612617792,78.86,1.489,sell,293662313
1750612618476,78.86,10.433,sell,293662314
1750612621375,78.86,0.127,sell,293662315
1750612622091,78.87,0.467,buy,293662316
1750612622115,78.88,0.691,buy,293662317
1750612622245,78.88,0.204,sell,293662318
1750612622332,78.87,0.122,sell,293662319
1750612622501,78.87,10.202,sell,293662320
1750612622503,78.87,0.068,sell,293662321
1750612622590,78.86,0.658,sell,293662322
1750612622661,78.85,0.458,sell,293662323
1750612623247,78.84,0.47,sell,293662324
1750612623250,78.84,0.067,sell,293662325
1750612623322,78.83,0.41,sell,293662326
1750612623798,78.84,0.484,buy,293662327
1750612624917,78.83,0.263,sell,293662328
1750612626140,78.82,0.801,sell,293662329
1750612626140,78.81,4.239,sell,293662330
1750612626140,78.8,13.053,sell,293662331
1750612626440,78.8,0.272,sell,293662332
1750612626606,78.8,4.472,buy,293662333
1750612626608,78.8,5.227,buy,293662334
1750612626611,78.81,4.495,buy,293662335
1750612626655,78.82,1.404,buy,293662336
1750612626706,78.82,18.604,sell,293662337
1750612626755,78.82,0.136,sell,293662338
1750612626768,78.81,6.363,sell,293662339
1750612626910,78.81,7.311,buy,293662340
1750612627203,78.81,0.398,buy,293662341
1750612627205,78.8,0.272,sell,293662342
1750612628081,78.8,1.196,buy,293662343
1750612628801,78.79,10.393,sell,293662344
1750612628803,78.79,0.068,sell,293662345
1750612628967,78.79,1.196,buy,293662346
1750612629506,78.79,0.704,buy,293662347
1750612629853,78.79,0.398,buy,293662348
1750612630533,78.79,0.272,buy,293662349
1750612630534,78.79,0.068,buy,293662350
1750612630650,78.8,0.4,buy,293662351
1750612630770,78.8,0.136,buy,293662352
1750612630770,78.81,0.467,buy,293662353
1750612630814,78.82,1.068,buy,293662354
1750612631360,78.81,10.809,sell,293662355
1750612631360,78.8,12.193,sell,293662356
1750612632283,78.81,0.18,buy,293662357
1750612636557,78.81,0.775,buy,293662358
1750612636829,78.8,0.128,sell,293662359
1750612636861,78.8,0.142,buy,293662360
1750612638434,78.79,0.884,sell,293662361
1750612643116,78.78,19.1,sell,293662362
1750612644567,78.78,0.323,buy,293662363
1750612644753,78.78,0.195,buy,293662364
1750612645111,78.78,0.38,buy,293662365
1750612648589,78.78,0.425,buy,293662366
1750612648666,78.77,0.206,sell,293662367
1750612648815,78.76,0.07,sell,293662368
1750612649252,78.75,4.863,sell,293662369
1750612649598,78.75,0.096,buy,293662370
1750612649620,78.75,0.204,buy,293662371
1750612650772,78.75,0.185,sell,293662372
1750612653039,78.75,0.14,sell,293662373
1750612654421,78.75,0.094,sell,293662374
1750612656377,78.75,4,sell,293662375
1750612656697,78.74,1.563,sell,293662376
1750612656854,78.73,0.128,sell,293662377
1750612656972,78.72,14.726,sell,293662378
1750612656972,78.71,0.274,sell,293662379
1750612657507,78.72,0.204,buy,293662380
1750612657679,78.72,5.857,sell,293662381
1750612658157,78.73,0.195,buy,293662382
1750612659107,78.72,0.127,sell,293662383
1750612659701,78.72,0.142,sell,293662384
1750612662049,78.73,0.468,buy,293662385
1750612662123,78.74,3.1,buy,293662386
1750612662130,78.74,0.136,buy,293662387
1750612662792,78.75,4.26,buy,293662388
1750612662871,78.76,0.468,buy,293662389
1750612662962,78.77,0.34,buy,293662390
1750612663137,78.77,0.5,sell,293662391
1750612663506,78.77,0.335,sell,293662392
1750612665863,78.78,0.41,buy,293662393
1750612665863,78.79,0.4,buy,293662394
1750612666656,78.79,0.204,buy,293662395
1750612668246,78.79,17.444,sell,293662396
1750612668434,78.78,0.128,sell,293662397
1750612668760,78.77,9.786,sell,293662398
1750612669109,78.77,0.28,buy,293662399
1750612669206,78.76,10.01,sell,293662400
1750612671025,78.76,0.111,sell,293662401
1750612671362,78.76,16.191,buy,293662402
1750612671362,78.77,30.061,buy,293662403
1750612671368,78.78,6.348,buy,293662404
1750612673805,78.77,0.115,sell,293662405
1750612674623,78.78,0.204,buy,293662406
1750612675484,78.79,0.261,buy,293662407
1750612680034,78.78,6.344,sell,293662408
1750612680793,78.78,7,buy,293662409
1750612680801,78.77,22.299,sell,293662410
1750612680801,78.76,9.677,sell,293662411
1750612681128,78.78,0.204,buy,293662412
1750612682347,78.79,0.4,buy,293662413
1750612682349,78.79,0.068,buy,293662414
1750612683347,78.78,0.223,sell,293662415
1750612683557,78.77,0.128,sell,293662416
1750612684092,78.77,6.347,buy,293662417
1750612685326,78.76,0.128,sell,293662418
1750612687684,78.76,1.269,buy,293662419
1750612687732,78.75,1.533,sell,293662420
1750612688822,78.74,2.894,sell,293662421
1750612690359,78.74,0.204,buy,293662422
1750612690542,78.75,0.4,buy,293662423
1750612690548,78.75,0.136,buy,293662424
1750612690605,78.76,0.4,buy,293662425
1750612690607,78.76,0.068,buy,293662426
1750612695535,78.75,0.204,sell,293662427
1750612695853,78.75,1.27,buy,293662428
1750612699201,78.74,0.209,sell,293662429
1750612699579,78.74,0.19,buy,293662430
1750612699807,78.73,0.359,sell,293662431
1750612700445,78.72,0.624,sell,293662432
1750612701521,78.73,0.204,buy,293662433
1750612701850,78.74,0.909,buy,293662434
1750612704520,78.73,0.11,sell,293662435
1750612706967,78.74,1.087,buy,293662436
1750612707755,78.73,0.981,sell,293662437
1750612707755,78.72,0.099,sell,293662438
1750612708055,78.72,0.237,sell,293662439
1750612708055,78.73,0.15,buy,293662440
1750612708724,78.73,0.136,buy,293662441
1750612709201,78.74,0.468,buy,293662442
1750612709201,78.75,0.78,buy,293662443
1750612710207,78.75,0.34,buy,293662444
1750612710207,78.76,1.212,buy,293662445
1750612710231,78.76,0.168,buy,293662446
1750612711442,78.75,0.204,buy,293662447
1750612713093,78.75,0.781,buy,293662448
1750612713378,78.74,0.128,sell,293662449
1750612714029,78.74,0.42,sell,293662450
1750612714029,78.73,0.84,sell,293662451
1750612714712,78.73,1.273,sell,293662452
1750612717636,78.74,0.204,buy,293662453
1750612718931,78.75,0.4,buy,293662454
1750612718939,78.75,0.136,buy,293662455
1750612718939,78.76,1.045,buy,293662456
1750612718949,78.76,1.181,buy,293662457
1750612721255,78.76,0.091,buy,293662458
1750612721579,78.75,5.48,sell,293662459
1750612723144,78.75,0.142,sell,293662460
1750612723181,78.75,0.532,buy,293662461
1750612723404,78.74,0.128,sell,293662462
1750612723771,78.73,0.968,sell,293662463
1750612723887,78.72,0.359,sell,293662464
1750612725022,78.71,0.128,sell,293662465
1750612725027,78.71,1.03,buy,293662466
1750612726632,78.7,11.734,sell,293662467
1750612728023,78.69,0.328,sell,293662468
1750612728148,78.7,1.041,buy,293662469
1750612729453,78.7,0.462,buy,293662470
1750612730497,78.7,0.272,buy,293662471
1750612730562,78.71,0.468,buy,293662472
1750612732554,78.7,0.194,sell,293662473
1750612733821,78.7,3.588,buy,293662474
1750612734278,78.7,0.136,buy,293662475
1750612734441,78.71,0.332,buy,293662476
1750612734622,78.71,3.242,buy,293662477
1750612734819,78.71,0.204,buy,293662478
1750612734838,78.72,0.468,buy,293662479
1750612734917,78.73,0.713,buy,293662480
1750612735815,78.72,0.32,sell,293662481
1750612737849,78.72,0.482,buy,293662482
1750612738494,78.71,26.53,sell,293662483
1750612740280,78.71,0.34,buy,293662484
1750612740663,78.72,0.272,buy,293662485
1750612740663,78.73,0.034,buy,293662486
1750612741456,78.73,7.91,buy,293662487
1750612741622,78.73,0.4,buy,293662488
1750612741624,78.73,0.068,buy,293662489
1750612742006,78.74,0.201,buy,293662490
1750612744005,78.73,0.301,sell,293662491
1750612744369,78.73,6.132,sell,293662492
1750612744369,78.72,6.782,sell,293662493
1750612745587,78.73,0.204,buy,293662494
1750612745749,78.74,0.92,buy,293662495
1750612746839,78.73,0.246,sell,293662496
1750612747540,78.73,7.948,sell,293662497
1750612747572,78.73,0.204,sell,293662498
1750612747834,78.73,0.41,buy,293662499
1750612748243,78.73,0.204,buy,293662500
1750612748315,78.74,1.181,buy,293662501
1750612751702,78.73,0.375,sell,293662502
1750612754778,78.73,0.535,sell,293662503
1750612755230,78.74,1.398,buy,293662504
1750612755315,78.75,1.181,buy,293662505
1750612755317,78.75,0.136,buy,293662506
1750612755683,78.75,0.223,sell,293662507
1750612756634,78.76,1.181,buy,293662508
1750612757779,78.76,9.545,buy,293662509
1750612757779,78.77,15.846,buy,293662510
1750612758708,78.76,0.133,sell,293662511
1750612758810,78.75,0.701,sell,293662512
1750612760199,78.76,0.311,buy,293662513
1750612761498,78.76,7,buy,293662514
1750612761498,78.76,0.272,buy,293662515
1750612761578,78.76,0.384,sell,293662516
1750612761690,78.77,0.272,buy,293662517
1750612761706,78.78,0.538,buy,293662518
1750612761750,78.78,0.184,sell,293662519
1750612761881,78.79,0.342,buy,293662520
1750612761884,78.79,0.068,buy,293662521
1750612764199,78.8,0.538,buy,293662522
1750612764199,78.81,1.353,buy,293662523
1750612765577,78.8,1.329,sell,293662524
1750612767540,78.81,0.537,buy,293662525
1750612767540,78.82,0.403,buy,293662526
1750612768062,78.82,0.342,buy,293662527
1750612768066,78.82,0.136,buy,293662528
1750612769603,78.83,0.226,buy,293662529
1750612770229,78.83,0.252,buy,293662530
1750612770334,78.84,0.47,buy,293662531
1750612770335,78.84,0.068,buy,293662532
1750612770349,78.85,0.705,buy,293662533
1750612770349,78.85,1.824,buy,293662534
1750612770497,78.85,11.774,buy,293662535
1750612770919,78.85,0.634,buy,293662536
1750612772012,78.84,0.103,sell,293662537
1750612772396,78.84,2.853,buy,293662538
1750612772830,78.83,0.127,sell,293662539
1750612773397,78.82,0.222,sell,293662540
1750612773397,78.81,1.176,sell,293662541
1750612773649,78.82,0.478,buy,293662542
1750612775429,78.81,0.127,sell,293662543
1750612776907,78.81,0.077,buy,293662544
1750612779040,78.81,1.895,buy,293662545
1750612779053,78.81,1.181,buy,293662546
1750612779169,78.81,1.181,buy,293662547
1750612779188,78.81,3.206,buy,293662548
1750612779191,78.81,13.081,buy,293662549
1750612779264,78.82,0.399,buy,293662550
1750612779264,78.83,0.782,buy,293662551
1750612779582,78.83,2.08,buy,293662552
1750612781293,78.83,0.467,buy,293662553
1750612782804,78.84,0.452,buy,293662554
1750612783630,78.83,0.38,buy,293662555
1750612783901,78.83,0.204,buy,293662556
1750612786017,78.84,0.399,buy,293662557
1750612790379,78.84,1.07,sell,293662558
1750612790438,78.83,0.096,sell,293662559
1750612792522,78.83,1.192,buy,293662560
1750612794725,78.82,0.127,sell,293662561
1750612794875,78.81,11.891,sell,293662562
1750612794875,78.81,1.152,sell,293662563
1750612795220,78.81,10.147,buy,293662564
1750612799414,78.8,1.477,sell,293662565
1750612799689,78.79,5.128,sell,293662566
1750612800040,78.79,0.204,buy,293662567
1750612801508,78.78,0.198,sell,293662568
1750612801985,78.78,0.095,buy,293662569
1750612803727,78.78,1.059,buy,293662570
1750612804223,78.79,1.251,buy,293662571
1750612804692,78.79,0.136,buy,293662572
1750612805950,78.8,0.31,buy,293662573
1750612806064,78.8,0.226,buy,293662574
1750612806064,78.81,0.091,buy,293662575
1750612806723,78.79,1.463,sell,293662576
1750612808628,78.79,0.128,sell,293662577
1750612809911,78.79,0.204,buy,293662578
1750612809928,78.8,1.343,buy,293662579
1750612809948,78.79,23.726,sell,293662580
1750612809951,78.78,0.39,sell,293662581
1750612810605,78.77,3.128,sell,293662582
1750612810792,78.76,0.165,sell,293662583
1750612811422,78.76,3.033,sell,293662584
1750612811609,78.75,0.128,sell,293662585
1750612811937,78.75,1.396,buy,293662586
1750612812384,78.74,0.198,sell,293662587
1750612812447,78.74,2.16,buy,293662588
1750612812481,78.73,0.32,sell,293662589
1750612813217,78.73,0.097,buy,293662590
1750612814485,78.72,0.128,sell,293662591
1750612815048,78.73,1.361,buy,293662592
1750612815593,78.71,0.07,sell,293662593
1750612816238,78.7,1.198,sell,293662594
1750612818182,78.7,0.403,buy,293662595
1750612818965,78.7,0.272,buy,293662596
1750612820917,78.69,2.503,sell,293662597
1750612821495,78.69,0.204,buy,293662598
1750612822083,78.7,0.34,buy,293662599
1750612822083,78.71,0.468,buy,293662600
1750612822227,78.7,8.133,sell,293662601
1750612822333,78.69,0.808,sell,293662602
1750612823018,78.7,1.187,buy,293662603
1750612824428,78.7,0.979,buy,293662604
1750612824766,78.69,0.195,sell,293662605
1750612824902,78.7,6.353,buy,293662606
1750612825942,78.7,0.576,buy,293662607
1750612827656,78.69,0.169,sell,293662608
1750612829193,78.69,0.255,sell,293662609
1750612829193,78.68,0.389,sell,293662610
1750612829985,78.68,0.088,buy,293662611
1750612830538,78.68,0.204,buy,293662612
1750612832633,78.69,0.468,buy,293662613
1750612833596,78.7,0.288,buy,293662614
1750612833962,78.7,0.195,buy,293662615
1750612833964,78.7,0.222,buy,293662616
1750612835334,78.71,0.468,buy,293662617
1750612835334,78.72,0.053,buy,293662618
1750612836523,78.71,0.175,sell,293662619
1750612837706,78.72,0.559,buy,293662620
1750612837806,78.72,1.333,buy,293662621
1750612837811,78.72,18.969,buy,293662622
1750612841335,78.71,0.204,buy,293662623
1750612842642,78.72,0.47,buy,293662624
1750612845801,78.72,0.403,buy,293662625
1750612845802,78.72,0.065,buy,293662626
1750612847155,78.72,0.171,sell,293662627
1750612847303,78.72,17.767,sell,293662628
1750612850394,78.72,0.243,sell,293662629
1750612850706,78.72,0.334,sell,293662630
1750612850706,78.71,0.63,sell,293662631
1750612852392,78.72,0.204,buy,293662632
1750612854801,78.73,0.4,buy,293662633
1750612854806,78.73,0.136,buy,293662634
1750612856694,78.74,0.538,buy,293662635
1750612858775,78.75,0.47,buy,293662636
1750612858777,78.75,0.068,buy,293662637
1750612861330,78.75,0.136,sell,293662638
1750612861420,78.74,0.428,sell,293662639
1750612861493,78.73,0.428,sell,293662640
1750612861853,78.72,0.332,sell,293662641
1750612862098,78.72,0.291,buy,293662642
1750612862393,78.71,0.563,sell,293662643
1750612862914,78.7,0.334,sell,293662644
1750612862916,78.7,0.068,sell,293662645
1750612862937,78.69,1.156,sell,293662646
1750612863293,78.69,0.16,sell,293662647
1750612865370,78.69,0.129,sell,293662648
1750612869100,78.7,0.346,buy,293662649
1750612870456,78.7,0.088,buy,293662650
1750612870642,78.7,0.301,buy,293662651
1750612870925,78.7,1.824,buy,293662652
1750612871313,78.7,0.093,sell,293662653
1750612872255,78.71,0.468,buy,293662654
1750612872396,78.72,0.538,buy,293662655
1750612872814,78.73,0.468,buy,293662656
1750612872825,78.74,0.538,buy,293662657
1750612873715,78.75,0.468,buy,293662658
1750612874606,78.76,0.288,buy,293662659
1750612875316,78.74,0.128,sell,293662660
1750612876854,78.73,4.074,sell,293662661
1750612877395,78.74,1.244,buy,293662662
1750612878491,78.74,0.315,buy,293662663
1750612881375,78.74,0.974,buy,293662664
1750612881418,78.74,0.832,buy,293662665
1750612881418,78.75,6.201,buy,293662666
1750612884704,78.74,0.128,sell,293662667
1750612888155,78.73,0.21,sell,293662668
1750612890266,78.74,0.31,buy,293662669
1750612891117,78.74,0.461,buy,293662670
1750612891352,78.74,0.503,buy,293662671
1750612895673,78.74,0.317,buy,293662672
1750612897313,78.74,0.13,buy,293662673
1750612900003,78.74,1.155,buy,293662674
1750612900446,78.73,6.668,sell,293662675
1750612901703,78.72,0.406,sell,293662676
1750612901703,78.71,2.594,sell,293662677
1750612903286,78.71,0.266,sell,293662678
1750612907799,78.71,0.443,buy,293662679
1750612909141,78.71,0.088,buy,293662680
1750612909189,78.71,0.204,buy,293662681
1750612909655,78.72,0.468,buy,293662682
1750612910559,78.72,0.214,sell,293662683
1750612912879,78.72,0.45,buy,293662684
1750612913278,78.72,0.685,buy,293662685
1750612916712,78.72,4.588,buy,293662686
1750612916760,78.72,0.165,buy,293662687
1750612923696,78.72,0.204,buy,293662688
1750612925798,78.72,1.69,buy,293662689
1750612927755,78.71,0.223,sell,293662690
1750612928487,78.7,1.476,sell,293662691
1750612928557,78.69,0.198,sell,293662692
1750612928666,78.69,0.256,buy,293662693
1750612930274,78.68,0.198,sell,293662694
1750612931670,78.68,0.204,buy,293662695
1750612932039,78.69,0.468,buy,293662696
1750612933648,78.69,3.22,sell,293662697
1750612934707,78.68,0.723,sell,293662698
1750612935024,78.68,0.128,sell,293662699
1750612941135,78.67,5.573,sell,293662700
1750612941542,78.67,1.144,buy,293662701
1750612941603,78.66,6.705,sell,293662702
1750612944982,78.66,0.272,buy,293662703
1750612945015,78.67,1.824,buy,293662704
1750612947483,78.67,0.254,buy,293662705
1750612947855,78.66,0.127,sell,293662706
1750612947855,78.67,0.16,buy,293662707
1750612949030,78.67,0.204,buy,293662708
1750612951044,78.68,8.883,buy,293662709
1750612953438,78.67,0.613,sell,293662710
1750612954576,78.67,0.623,buy,293662711
1750612954576,78.68,15.036,buy,293662712
1750612954578,78.68,4.292,buy,293662713
1750612954580,78.69,4.418,buy,293662714
1750612954585,78.69,3.584,buy,293662715
1750612954588,78.69,30.884,buy,293662716
1750612954593,78.69,0.136,buy,293662717
1750612954731,78.7,0.727,buy,293662718
1750612954979,78.7,2.695,buy,293662719
1750612954992,78.7,1.181,buy,293662720
1750612955775,78.7,7,buy,293662721
1750612955878,78.69,0.203,sell,293662722
1750612956178,78.7,0.272,buy,293662723
1750612959341,78.71,0.932,buy,293662724
1750612959955,78.7,0.103,sell,293662725
1750612960485,78.7,1.481,sell,293662726
1750612960492,78.7,1.061,sell,293662727
1750612961102,78.71,2.412,buy,293662728
1750612963275,78.7,0.204,buy,293662729
1750612967978,78.71,0.609,buy,293662730
1750612968912,78.7,0.11,sell,293662731
1750612970364,78.7,0.747,buy,293662732
1750612971568,78.69,12.416,sell,293662733
1750612971568,78.69,16.448,sell,293662734
1750612971583,78.68,0.224,sell,293662735
1750612971834,78.67,0.128,sell,293662736
1750612973275,78.67,0.115,buy,293662737
1750612978121,78.66,1,sell,293662738
1750612979504,78.67,6.355,buy,293662739
1750612979931,78.67,0.228,buy,293662740
1750612984440,78.67,1.18,buy,293662741
1750612989684,78.66,0.385,sell,293662742
1750612989998,78.67,0.572,buy,293662743
1750612992334,78.66,12.785,sell,293662744
1750612992334,78.66,16.105,sell,293662745
1750612992339,78.65,20.376,sell,293662746
1750612992339,78.65,8.508,sell,293662747
1750612992349,78.65,2.741,sell,293662748
1750612992349,78.64,0.486,sell,293662749
1750612992349,78.63,0.773,sell,293662750
1750613001522,78.63,0.957,sell,293662751
1750613001803,78.62,0.659,sell,293662752
1750613001884,78.62,5.866,sell,293662753
1750613002847,78.62,0.329,buy,293662754
1750613003070,78.61,1.977,sell,293662755
1750613003900,78.61,0.089,buy,293662756
1750613004697,78.61,0.127,buy,293662757
1750613005382,78.61,0.204,buy,293662758
1750613005781,78.62,0.34,buy,293662759
1750613005781,78.63,0.628,buy,293662760
1750613006379,78.64,0.211,buy,293662761
1750613009538,78.64,0.32,buy,293662762
1750613009942,78.63,2.047,sell,293662763
1750613009942,78.62,0.754,sell,293662764
1750613011548,78.63,0.565,buy,293662765
1750613011776,78.63,0.136,buy,293662766
1750613015001,78.64,0.182,buy,293662767
1750613016579,78.64,0.497,buy,293662768
1750613023564,78.62,0.128,sell,293662769
1750613023564,78.61,0.589,sell,293662770
1750613024068,78.62,3.07,buy,293662771
1750613026730,78.62,0.47,buy,293662772
1750613026985,78.61,0.088,sell,293662773
1750613030880,78.62,0.961,buy,293662774
1750613031118,78.62,7.248,buy,293662775
1750613031123,78.62,21.483,buy,293662776
1750613031123,78.63,4.575,buy,293662777
1750613031557,78.62,0.978,sell,293662778
1750613033611,78.63,0.4,buy,293662779
1750613040917,78.64,1.11,buy,293662780
1750613043143,78.64,0.485,buy,293662781
1750613045992,78.64,0.447,buy,293662782
1750613053634,78.63,0.188,sell,293662783
1750613054386,78.64,0.777,buy,293662784
1750613055811,78.64,0.136,buy,293662785
1750613061031,78.63,0.5,sell,293662786
1750613061032,78.62,12.319,sell,293662787
1750613061145,78.61,0.604,sell,293662788
1750613062712,78.61,0.483,buy,293662789
1750613063074,78.61,0.817,buy,293662790
1750613063077,78.61,0.166,buy,293662791
1750613063155,78.62,1.181,buy,293662792
1750613063311,78.62,0.976,buy,293662793
1750613063879,78.62,1.181,buy,293662794
1750613067030,78.61,0.272,buy,293662795
1750613067140,78.61,3.549,sell,293662796
1750613067158,78.61,5.6,sell,293662797
1750613067955,78.62,0.26,buy,293662798
1750613070710,78.62,0.164,buy,293662799
1750613073113,78.61,0.125,sell,293662800
1750613074900,78.61,0.818,buy,293662801
1750613076108,78.6,1.26,sell,293662802
1750613076108,78.6,1.846,sell,293662803
1750613076108,78.59,3.008,sell,293662804
1750613076108,78.59,16.622,sell,293662805
1750613076108,78.59,1.846,sell,293662806
1750613076108,78.58,21.512,sell,293662807
1750613076108,78.57,4,sell,293662808
1750613076115,78.58,2.842,buy,293662809
1750613076117,78.58,2.842,buy,293662810
1750613076118,78.58,2.842,buy,293662811
1750613076220,78.57,1.181,sell,293662812
1750613077959,78.56,11.968,sell,293662813
1750613078352,78.55,1.751,sell,293662814
1750613078432,78.54,0.198,sell,293662815
1750613078522,78.54,23.236,buy,293662816
1750613078611,78.53,0.198,sell,293662817
1750613079201,78.52,0.262,sell,293662818
1750613080455,78.52,0.221,buy,293662819
1750613080986,78.52,0.444,buy,293662820
1750613082373,78.52,2.136,buy,293662821
1750613082500,78.51,0.531,sell,293662822
1750613082500,78.5,0.806,sell,293662823
1750613083616,78.51,0.204,buy,293662824
1750613083777,78.52,1.181,buy,293662825
1750613083779,78.52,1.391,buy,293662826
1750613083855,78.53,0.34,buy,293662827
1750613083855,78.54,0.564,buy,293662828
1750613083919,78.55,1.458,buy,293662829
1750613084106,78.53,0.128,sell,293662830
1750613084936,78.53,0.272,buy,293662831
1750613085845,78.54,0.521,buy,293662832
1750613088896,78.54,0.826,buy,293662833
1750613090058,78.54,0.204,buy,293662834
1750613090058,78.55,0.502,buy,293662835
1750613091826,78.55,0.468,buy,293662836
1750613092101,78.55,0.108,sell,293662837
1750613096012,78.56,0.143,buy,293662838
1750613098771,78.56,3.785,buy,293662839
1750613099778,78.56,0.566,buy,293662840
1750613100564,78.55,0.255,sell,293662841
1750613100623,78.55,0.303,sell,293662842
1750613101043,78.55,0.419,sell,293662843
1750613101048,78.54,0.128,sell,293662844
1750613101256,78.54,0.064,buy,293662845
1750613101346,78.54,0.272,buy,293662846
1750613101427,78.55,0.4,buy,293662847
1750613103035,78.56,1.3,buy,293662848
1750613103626,78.56,0.136,buy,293662849
1750613103713,78.56,18.246,sell,293662850
1750613105247,78.57,6.363,buy,293662851
1750613106167,78.56,0.419,buy,293662852
1750613106791,78.56,0.28,buy,293662853
1750613107570,78.56,0.204,buy,293662854
1750613107570,78.57,0.238,buy,293662855
1750613108327,78.55,1.763,sell,293662856
1750613108655,78.55,16.394,buy,293662857
1750613110546,78.53,0.204,buy,293662858
1750613111237,78.53,0.333,buy,293662859
1750613111266,78.53,0.204,buy,293662860
1750613111312,78.54,0.225,buy,293662861
1750613112066,78.53,0.109,sell,293662862
1750613112467,78.53,1.367,sell,293662863
1750613112845,78.54,0.4,buy,293662864
1750613112845,78.55,0.781,buy,293662865
1750613113277,78.55,2.893,buy,293662866
1750613114717,78.55,0.848,sell,293662867
1750613115600,78.55,6.573,sell,293662868
1750613115601,78.56,0.486,buy,293662869
1750613116272,78.56,0.204,buy,293662870
1750613119703,78.57,0.131,buy,293662871
1750613122488,78.56,0.147,sell,293662872
1750613123327,78.56,0.216,buy,293662873
1750613123330,78.56,0.136,buy,293662874
1750613124100,78.57,0.636,buy,293662875
1750613124794,78.55,2.49,sell,293662876
1750613124796,78.55,0.06,sell,293662877
1750613124855,78.54,1.181,sell,293662878
1750613124939,78.54,0.204,buy,293662879
1750613125053,78.55,1.293,buy,293662880
1750613126178,78.55,20.952,buy,293662881
1750613126180,78.55,3.43,buy,293662882
1750613126234,78.56,1.181,buy,293662883
1750613127922,78.56,10.129,buy,293662884
1750613127922,78.57,33.166,buy,293662885
1750613128746,78.58,0.419,buy,293662886
1750613129053,78.57,25.676,sell,293662887
1750613129053,78.57,21.257,sell,293662888
1750613129101,78.56,0.332,sell,293662889
1750613129219,78.55,0.332,sell,293662890
1750613129219,78.54,0.849,sell,293662891
1750613131182,78.54,0.886,sell,293662892
1750613133119,78.55,0.143,buy,293662893
1750613133469,78.54,0.332,sell,293662894
1750613134025,78.55,2.623,buy,293662895
1750613134756,78.54,9.243,sell,293662896
1750613134756,78.53,55.653,sell,293662897
1750613135614,78.54,0.204,buy,293662898
1750613135925,78.55,0.489,buy,293662899
1750613137219,78.55,27.024,buy,293662900
1750613137219,78.56,53.365,buy,293662901
1750613137981,78.55,0.236,sell,293662902
1750613139211,78.56,0.831,buy,293662903
1750613143101,78.55,0.136,sell,293662904
1750613144142,78.55,0.636,buy,293662905
1750613145914,78.54,0.607,sell,293662906
1750613147050,78.53,0.48,sell,293662907
1750613147052,78.53,0.059,sell,293662908
1750613149103,78.52,0.539,sell,293662909
1750613151056,78.51,0.35,sell,293662910
1750613151058,78.51,0.061,sell,293662911
1750613155605,78.5,1.176,sell,293662912
1750613156058,78.49,0.415,sell,293662913
1750613156060,78.49,0.068,sell,293662914
1750613156583,78.49,0.651,buy,293662915
1750613157903,78.49,0.076,buy,293662916
