timestamp,price,quantity,side,tradeId
1750507467356,83.29,0.107,buy,293517768
1750507470500,83.29,1.39,buy,293517769
1750507471566,83.29,0.583,buy,293517770
1750507476168,83.28,0.229,sell,293517771
1750507479755,83.28,0.103,sell,293517772
1750507482621,83.29,1.56,buy,293517773
1750507484397,83.29,3.691,buy,293517774
1750507485841,83.28,0.635,sell,293517775
1750507486387,83.29,1.122,buy,293517776
1750507490616,83.29,0.226,buy,293517777
1750507490712,83.28,3.484,sell,293517778
1750507501417,83.28,19.56,sell,293517779
1750507501417,83.27,4.455,sell,293517780
1750507501853,83.28,0.077,buy,293517781
1750507505657,83.27,1.502,sell,293517782
1750507506791,83.28,1.421,buy,293517783
1750507508773,83.28,0.176,buy,293517784
1750507511008,83.27,3.495,sell,293517785
1750507511019,83.27,1.385,buy,293517786
1750507511696,83.27,1.448,buy,293517787
1750507513757,83.27,33.458,buy,293517788
1750507522805,83.27,0.377,buy,293517789
1750507524603,83.27,10,buy,293517790
1750507528041,83.27,0.503,buy,293517791
1750507532100,83.26,0.231,sell,293517792
1750507537312,83.27,0.596,buy,293517793
1750507538005,83.27,0.713,buy,293517794
1750507540822,83.27,1.35,buy,293517795
1750507541200,83.26,1.161,sell,293517796
1750507541500,83.25,1.211,sell,293517797
1750507541772,83.25,0.12,buy,293517798
1750507544900,83.24,1.211,sell,293517799
1750507546235,83.23,0.229,sell,293517800
1750507546730,83.24,0.291,buy,293517801
1750507546752,83.24,0.423,buy,293517802
1750507552405,83.24,0.12,buy,293517803
1750507555558,83.24,0.949,buy,293517804
1750507558300,83.23,4.206,sell,293517805
1750507562453,83.24,0.377,buy,293517806
1750507564402,83.24,0.678,buy,293517807
1750507566702,83.24,2.12,buy,293517808
1750507568969,83.24,0.244,buy,293517809
1750507569595,83.23,0.996,sell,293517810
1750507570914,83.23,10.298,sell,293517811
1750507570914,83.22,1.382,sell,293517812
1750507571128,83.22,0.6,sell,293517813
1750507573314,83.23,0.12,buy,293517814
1750507578484,83.22,0.087,sell,293517815
1750507579173,83.23,0.075,buy,293517816
1750507580204,83.23,0.083,buy,293517817
1750507584779,83.23,0.192,buy,293517818
1750507585693,83.23,0.24,buy,293517819
1750507587084,83.22,1.159,sell,293517820
1750507587767,83.22,8.062,sell,293517821
1750507587767,83.21,3.462,sell,293517822
1750507588484,83.21,5.987,sell,293517823
1750507600509,83.22,0.868,buy,293517824
1750507602879,83.22,0.156,buy,293517825
1750507605135,83.22,0.113,buy,293517826
1750507606248,83.22,31.645,buy,293517827
1750507606250,83.23,21.755,buy,293517828
1750507606250,83.23,11.181,buy,293517829
1750507610043,83.23,1.497,buy,293517830
1750507611749,83.23,0.3,buy,293517831
1750507612915,83.22,4.86,sell,293517832
1750507616347,83.23,0.146,buy,293517833
1750507616726,83.23,1.814,buy,293517834
1750507619998,83.23,0.552,buy,293517835
1750507622221,83.23,0.12,buy,293517836
1750507625147,83.23,0.529,buy,293517837
1750507625435,83.23,0.272,buy,293517838
1750507625543,83.23,0.06,buy,293517839
1750507627302,83.22,0.165,sell,293517840
1750507627410,83.22,0.631,sell,293517841
1750507627651,83.23,8,buy,293517842
1750507629254,83.22,9.369,sell,293517843
1750507630293,83.22,15.946,sell,293517844
1750507632231,83.22,3.75,sell,293517845
1750507632231,83.21,4.372,sell,293517846
1750507636649,83.22,0.117,buy,293517847
1750507639841,83.21,0.668,sell,293517848
1750507641695,83.21,0.968,sell,293517849
1750507646434,83.22,0.303,buy,293517850
1750507646616,83.22,0.428,buy,293517851
1750507648099,83.22,0.114,buy,293517852
1750507651792,83.22,0.068,buy,293517853
1750507652068,83.22,0.18,buy,293517854
1750507659794,83.22,49.548,buy,293517855
1750507659795,83.22,0.127,buy,293517856
1750507662808,83.22,26.692,sell,293517857
1750507664365,83.23,0.36,buy,293517858
1750507672197,83.23,0.225,buy,293517859
1750507675541,83.23,0.671,buy,293517860
1750507684292,83.22,1.287,sell,293517861
1750507685752,83.23,0.51,buy,293517862
1750507686797,83.22,1.441,sell,293517863
1750507688581,83.22,0.859,sell,293517864
1750507690300,83.23,0.631,buy,293517865
1750507692942,83.23,0.335,buy,293517866
1750507694153,83.22,0.075,sell,293517867
1750507699370,83.23,0.06,buy,293517868
1750507703834,83.23,0.44,buy,293517869
1750507705205,83.23,0.18,buy,293517870
1750507706001,83.23,1.201,buy,293517871
1750507707998,83.23,0.461,buy,293517872
1750507708155,83.23,0.111,buy,293517873
1750507712599,83.23,0.116,buy,293517874
1750507714849,83.23,10.523,buy,293517875
1750507715741,83.24,0.695,buy,293517876
1750507716863,83.25,0.382,buy,293517877
1750507718718,83.25,0.806,sell,293517878
1750507719586,83.26,1.174,buy,293517879
1750507720741,83.25,21.965,sell,293517880
1750507720741,83.25,0.127,sell,293517881
1750507720792,83.24,9.026,sell,293517882
1750507720793,83.24,0.127,sell,293517883
1750507720801,83.23,114.839,sell,293517884
1750507720804,83.23,0.13,sell,293517885
1750507720805,83.23,7.983,sell,293517886
1750507720849,83.23,0.184,buy,293517887
1750507723434,83.23,0.732,buy,293517888
1750507727063,83.23,1.124,buy,293517889
1750507737997,83.23,0.11,buy,293517890
1750507742738,83.23,0.077,buy,293517891
1750507746963,83.22,2.014,sell,293517892
1750507750967,83.23,0.839,buy,293517893
1750507753828,83.23,24.441,buy,293517894
1750507753828,83.23,33.531,buy,293517895
1750507754613,83.24,0.312,buy,293517896
1750507756105,83.24,0.401,buy,293517897
1750507762849,83.24,2.402,buy,293517898
1750507763492,83.24,0.5,buy,293517899
1750507763786,83.24,12.14,buy,293517900
1750507763787,83.24,0.064,buy,293517901
1750507765100,83.25,0.628,buy,293517902
1750507769419,83.25,1,sell,293517903
1750507771176,83.25,0.633,sell,293517904
1750507780632,83.26,0.5,buy,293517905
1750507784606,83.25,1.396,sell,293517906
1750507787346,83.26,0.272,buy,293517907
1750507787961,83.26,19.55,buy,293517908
1750507787961,83.26,27.326,buy,293517909
1750507793456,83.27,2.763,buy,293517910
1750507797312,83.27,0.307,buy,293517911
1750507801114,83.27,0.126,buy,293517912
1750507811058,83.28,3.925,buy,293517913
1750507814483,83.27,22.333,sell,293517914
1750507826543,83.28,0.898,buy,293517915
1750507827688,83.28,0.22,buy,293517916
1750507830642,83.28,0.374,buy,293517917
1750507833455,83.28,0.249,buy,293517918
1750507839205,83.28,0.36,buy,293517919
1750507845255,83.28,0.087,buy,293517920
1750507846149,83.27,2.493,sell,293517921
1750507847227,83.28,0.158,buy,293517922
1750507849002,83.28,1.2,buy,293517923
1750507852098,83.28,0.12,buy,293517924
1750507857435,83.28,0.15,buy,293517925
1750507860193,83.28,2.895,buy,293517926
1750507861150,83.28,0.6,buy,293517927
1750507867635,83.28,1.87,buy,293517928
1750507877834,83.28,1.625,buy,293517929
1750507879145,83.27,0.705,sell,293517930
1750507880092,83.28,0.57,buy,293517931
1750507884435,83.28,15.931,buy,293517932
1750507884435,83.28,0.127,buy,293517933
1750507888322,83.29,0.374,buy,293517934
1750507889803,83.28,0.48,sell,293517935
1750507895257,83.29,0.63,buy,293517936
1750507897764,83.29,0.144,buy,293517937
1750507898733,83.28,28.96,sell,293517938
1750507898733,83.28,19.778,sell,293517939
1750507898751,83.27,6.006,sell,293517940
1750507898867,83.27,0.835,sell,293517941
1750507899100,83.26,0.695,sell,293517942
1750507899259,83.25,1.014,sell,293517943
1750507899469,83.26,1.199,buy,293517944
1750507901639,83.26,0.2,buy,293517945
1750507905113,83.25,0.44,sell,293517946
1750507911902,83.24,6.954,sell,293517947
1750507911930,83.23,0.203,sell,293517948
1750507913666,83.24,0.075,buy,293517949
1750507914605,83.24,0.678,buy,293517950
1750507917871,83.24,0.377,buy,293517951
1750507919643,83.24,1.629,buy,293517952
1750507925581,83.24,17.008,buy,293517953
1750507925583,83.24,0.063,buy,293517954
1750507936457,83.25,0.637,buy,293517955
1750507946295,83.25,0.545,buy,293517956
1750507947366,83.25,0.883,buy,293517957
1750507948256,83.25,0.075,buy,293517958
1750507948360,83.24,0.076,sell,293517959
1750507948542,83.25,0.24,buy,293517960
1750507949794,83.25,0.204,buy,293517961
1750507951238,83.24,0.275,sell,293517962
1750507952198,83.24,0.116,sell,293517963
1750507953589,83.25,14.61,buy,293517964
1750507953589,83.25,0.064,buy,293517965
1750507955568,83.26,0.695,buy,293517966
1750507955568,83.27,0.109,buy,293517967
1750507955692,83.27,5.225,buy,293517968
1750507956506,83.27,0.311,buy,293517969
1750507961100,83.27,0.323,buy,293517970
1750507965636,83.27,0.425,buy,293517971
1750507967818,83.27,0.36,buy,293517972
1750507972127,83.26,0.277,sell,293517973
1750507976128,83.26,8.537,sell,293517974
1750507976315,83.27,0.49,buy,293517975
1750507983818,83.27,0.065,buy,293517976
1750507984170,83.26,0.307,sell,293517977
1750507991034,83.27,0.96,buy,293517978
1750507992345,83.27,2.244,buy,293517979
1750507992434,83.27,0.132,buy,293517980
1750507998731,83.27,0.439,buy,293517981
1750508002783,83.26,8.278,sell,293517982
1750508004458,83.26,0.34,sell,293517983
1750508005874,83.25,0.808,sell,293517984
1750508015291,83.25,12.012,buy,293517985
1750508019602,83.25,0.19,buy,293517986
1750508020358,83.25,0.096,buy,293517987
1750508020826,83.24,0.109,sell,293517988
1750508021542,83.24,24.964,sell,293517989
1750508021543,83.23,77.75,sell,293517990
1750508021543,83.23,36.343,sell,293517991
1750508022239,83.23,0.301,buy,293517992
1750508025945,83.23,4.81,buy,293517993
1750508034292,83.22,0.33,sell,293517994
1750508038911,83.23,1.802,buy,293517995
1750508038947,83.23,2.025,buy,293517996
1750508041483,83.22,0.126,sell,293517997
1750508052629,83.23,0.755,buy,293517998
1750508055396,83.23,0.268,buy,293517999
1750508059651,83.22,2.38,sell,293518000
1750508062259,83.23,2.156,buy,293518001
1750508065073,83.23,0.809,buy,293518002
1750508068055,83.23,0.118,buy,293518003
1750508073369,83.23,1.334,buy,293518004
1750508083088,83.23,4.805,buy,293518005
1750508083469,83.23,0.538,buy,293518006
1750508086331,83.23,0.242,buy,293518007
1750508088240,83.23,0.445,buy,293518008
1750508089194,83.22,0.306,sell,293518009
1750508094783,83.23,1.579,buy,293518010
1750508096012,83.23,0.246,buy,293518011
1750508096745,83.23,0.461,buy,293518012
1750508101466,83.22,96.611,sell,293518013
1750508101466,83.21,23.29,sell,293518014
1750508107799,83.22,0.108,buy,293518015
1750508108100,83.21,2.29,sell,293518016
1750508109461,83.22,0.954,buy,293518017
1750508115754,83.22,0.824,buy,293518018
1750508123401,83.22,0.839,buy,293518019
1750508126285,83.21,0.6,sell,293518020
1750508126963,83.22,2.931,buy,293518021
1750508128495,83.22,0.483,buy,293518022
1750508135743,83.22,0.315,buy,293518023
1750508135839,83.23,0.288,buy,293518024
1750508141878,83.22,33.245,sell,293518025
1750508141878,83.22,33.633,sell,293518026
1750508141878,83.22,25.215,sell,293518027
1750508141878,83.22,3.518,sell,293518028
1750508141879,83.22,0.127,sell,293518029
1750508141927,83.21,1.219,sell,293518030
1750508141929,83.21,1.057,buy,293518031
1750508141930,83.21,1.057,buy,293518032
1750508141932,83.21,1.057,buy,293518033
1750508141932,83.21,1.057,buy,293518034
1750508141932,83.21,4.422,buy,293518035
1750508141932,83.21,1.057,buy,293518036
1750508141933,83.21,1.057,buy,293518037
1750508141933,83.21,1.057,buy,293518038
1750508141933,83.21,1.057,buy,293518039
1750508141933,83.21,1.057,buy,293518040
1750508141933,83.21,1.057,buy,293518041
1750508141933,83.21,4.422,buy,293518042
1750508141933,83.21,1.057,buy,293518043
1750508141933,83.21,1.057,buy,293518044
1750508141933,83.21,1.057,buy,293518045
1750508141933,83.21,1.057,buy,293518046
1750508141934,83.21,1.057,buy,293518047
1750508141934,83.21,1.057,buy,293518048
1750508141934,83.21,1.057,buy,293518049
1750508141935,83.21,4.422,buy,293518050
1750508141935,83.21,4.422,buy,293518051
1750508141936,83.21,4.422,buy,293518052
1750508141936,83.21,4.422,buy,293518053
1750508141936,83.21,4.422,buy,293518054
1750508141936,83.21,4.422,buy,293518055
1750508141936,83.21,4.422,buy,293518056
1750508141936,83.21,4.422,buy,293518057
1750508141937,83.21,4.422,buy,293518058
1750508141937,83.21,4.422,buy,293518059
1750508141937,83.21,4.422,buy,293518060
1750508141938,83.21,4.422,buy,293518061
1750508141939,83.21,4.422,buy,293518062
1750508141939,83.21,4.422,buy,293518063
1750508141941,83.21,2.902,buy,293518064
1750508141945,83.21,2.902,buy,293518065
1750508141945,83.21,4.422,buy,293518066
1750508141949,83.21,4.028,buy,293518067
1750508141951,83.21,0.063,buy,293518068
1750508142207,83.22,0.255,buy,293518069
1750508143519,83.21,0.33,sell,293518070
1750508144514,83.22,0.715,buy,293518071
1750508155156,83.22,0.681,buy,293518072
1750508155156,83.23,0.359,buy,293518073
1750508155224,83.22,0.877,sell,293518074
1750508155946,83.23,0.272,buy,293518075
1750508156546,83.23,3.742,buy,293518076
1750508156995,83.23,0.744,buy,293518077
1750508159548,83.22,15.888,sell,293518078
1750508162796,83.22,1.057,sell,293518079
1750508164434,83.23,0.166,buy,293518080
1750508166070,83.23,0.293,buy,293518081
1750508167088,83.22,1.159,sell,293518082
1750508168278,83.22,0.263,sell,293518083
1750508169329,83.22,1.057,sell,293518084
1750508170999,83.22,3.89,sell,293518085
1750508171100,83.21,0.331,sell,293518086
1750508171191,83.21,23.831,sell,293518087
1750508171192,83.21,17.518,sell,293518088
1750508171193,83.21,5.018,sell,293518089
1750508171193,83.21,18.613,sell,293518090
1750508171193,83.21,9.483,sell,293518091
1750508171244,83.2,0.756,sell,293518092
1750508171244,83.19,0.425,sell,293518093
1750508171246,83.2,1.057,buy,293518094
1750508171247,83.2,1.057,buy,293518095
1750508171247,83.2,1.057,buy,293518096
1750508171247,83.2,4.423,buy,293518097
1750508171247,83.2,1.057,buy,293518098
1750508171247,83.2,4.71,buy,293518099
1750508171247,83.2,1.057,buy,293518100
1750508171248,83.2,4.423,buy,293518101
1750508171248,83.2,1.057,buy,293518102
1750508171248,83.2,4.423,buy,293518103
1750508171249,83.2,4.423,buy,293518104
1750508171249,83.2,4.423,buy,293518105
1750508171249,83.2,4.423,buy,293518106
1750508171249,83.2,4.423,buy,293518107
1750508171249,83.2,1.057,buy,293518108
1750508171249,83.2,1.057,buy,293518109
1750508171249,83.2,1.057,buy,293518110
1750508171249,83.2,1.057,buy,293518111
1750508171249,83.2,4.423,buy,293518112
1750508171249,83.2,1.057,buy,293518113
1750508171249,83.2,1.057,buy,293518114
1750508171249,83.2,1.057,buy,293518115
1750508171249,83.2,1.057,buy,293518116
1750508171249,83.2,1.057,buy,293518117
1750508171249,83.2,1.057,buy,293518118
1750508171249,83.2,1.057,buy,293518119
1750508171249,83.2,1.057,buy,293518120
1750508171249,83.2,1.057,buy,293518121
1750508171249,83.2,1.057,buy,293518122
1750508171249,83.2,4.423,buy,293518123
1750508171249,83.2,4.423,buy,293518124
1750508171250,83.2,4.423,buy,293518125
1750508171250,83.2,1.057,buy,293518126
1750508171250,83.2,4.423,buy,293518127
1750508171251,83.2,4.423,buy,293518128
1750508171251,83.2,4.423,buy,293518129
1750508171251,83.2,4.423,buy,293518130
1750508171251,83.2,4.423,buy,293518131
1750508171252,83.2,4.423,buy,293518132
1750508171252,83.2,4.423,buy,293518133
1750508171252,83.2,4.423,buy,293518134
1750508171252,83.2,4.423,buy,293518135
1750508171252,83.2,4.423,buy,293518136
1750508171253,83.2,1.36,buy,293518137
1750508171254,83.2,4.423,buy,293518138
1750508171254,83.2,1.36,buy,293518139
1750508171254,83.2,3.071,buy,293518140
1750508171254,83.2,3.071,buy,293518141
1750508171298,83.2,7.211,buy,293518142
1750508171302,83.2,4.423,buy,293518143
1750508171302,83.2,4.423,buy,293518144
1750508171302,83.2,4.423,buy,293518145
1750508171303,83.2,4.423,buy,293518146
1750508171303,83.2,4.423,buy,293518147
1750508171303,83.2,4.423,buy,293518148
1750508171303,83.2,4.423,buy,293518149
1750508171303,83.2,4.423,buy,293518150
1750508171304,83.2,4.423,buy,293518151
1750508171305,83.2,4.423,buy,293518152
1750508171305,83.2,1.296,buy,293518153
1750508171307,83.2,2.531,buy,293518154
1750508171309,83.2,0.126,buy,293518155
1750508171485,83.2,0.189,sell,293518156
1750508171701,83.19,0.578,sell,293518157
1750508171704,83.19,4.423,buy,293518158
1750508171704,83.19,4.423,buy,293518159
1750508171704,83.19,37.456,buy,293518160
1750508171704,83.19,1.202,buy,293518161
1750508171707,83.19,4.423,buy,293518162
1750508171707,83.19,4.423,buy,293518163
1750508171708,83.19,4.423,buy,293518164
1750508171708,83.19,4.423,buy,293518165
1750508171708,83.19,1.057,buy,293518166
1750508171708,83.19,4.423,buy,293518167
1750508171708,83.19,4.423,buy,293518168
1750508171708,83.19,4.423,buy,293518169
1750508171708,83.19,4.423,buy,293518170
1750508171708,83.19,4.423,buy,293518171
1750508171708,83.19,4.423,buy,293518172
1750508171708,83.19,4.423,buy,293518173
1750508171708,83.19,4.423,buy,293518174
1750508171708,83.19,4.423,buy,293518175
1750508171709,83.19,4.423,buy,293518176
1750508171709,83.19,4.29,buy,293518177
1750508171872,83.19,0.064,sell,293518178
1750508171872,83.18,3.436,sell,293518179
1750508171875,83.19,20.688,buy,293518180
1750508171875,83.19,20.688,buy,293518181
1750508171876,83.19,4.423,buy,293518182
1750508171877,83.19,4.423,buy,293518183
1750508171877,83.19,45.194,buy,293518184
1750508171880,83.19,3.273,buy,293518185
1750508171880,83.19,3.273,buy,293518186
1750508171880,83.19,3.273,buy,293518187
1750508171881,83.19,3.273,buy,293518188
1750508171882,83.19,4.423,buy,293518189
1750508171883,83.19,1.622,buy,293518190
1750508171905,83.19,2.677,buy,293518191
1750508172007,83.19,4.423,buy,293518192
1750508172008,83.19,4.423,buy,293518193
1750508172023,83.19,2.658,buy,293518194
1750508172027,83.19,11.504,buy,293518195
1750508172029,83.19,4.423,buy,293518196
1750508172029,83.19,4.423,buy,293518197
1750508172031,83.19,2.596,buy,293518198
1750508172034,83.19,2.722,buy,293518199
1750508172034,83.19,2.722,buy,293518200
1750508172036,83.19,6.187,buy,293518201
1750508172039,83.19,4.423,buy,293518202
1750508172111,83.19,46.607,buy,293518203
1750508172202,83.19,11.504,buy,293518204
1750508172207,83.19,11.504,buy,293518205
1750508172212,83.19,11.504,buy,293518206
1750508172214,83.19,4.423,buy,293518207
1750508172214,83.19,4.423,buy,293518208
1750508172214,83.19,1.057,buy,293518209
1750508172216,83.19,1.539,buy,293518210
1750508172218,83.19,1.665,buy,293518211
1750508172220,83.19,9.902,buy,293518212
1750508172222,83.19,9.965,buy,293518213
1750508172224,83.19,1.603,buy,293518214
1750508172229,83.19,11.504,buy,293518215
1750508172232,83.19,11.378,buy,293518216
1750508172236,83.19,11.504,buy,293518217
1750508172238,83.19,4.423,buy,293518218
1750508172240,83.19,7.018,buy,293518219
1750508172242,83.19,7.018,buy,293518220
1750508172244,83.19,4.613,buy,293518221
1750508172246,83.19,4.423,buy,293518222
1750508172246,83.19,4.677,buy,293518223
1750508172248,83.19,2.405,buy,293518224
1750508172250,83.19,0.381,buy,293518225
1750508175427,83.2,2.67,buy,293518226
1750508177737,83.2,0.126,buy,293518227
1750508178042,83.21,0.48,buy,293518228
1750508179079,83.2,4.844,sell,293518229
1750508180378,83.21,0.102,buy,293518230
1750508181668,83.21,34.832,buy,293518231
1750508181669,83.21,28.25,buy,293518232
1750508181744,83.22,0.473,buy,293518233
1750508186195,83.23,0.839,buy,293518234
1750508187312,83.23,1.694,buy,293518235
1750508187934,83.23,0.461,buy,293518236
1750508188656,83.23,0.283,buy,293518237
1750508188939,83.23,0.503,buy,293518238
1750508189265,83.22,0.077,sell,293518239
1750508189459,83.22,1.856,sell,293518240
1750508192117,83.23,0.332,buy,293518241
1750508192184,83.23,1.633,buy,293518242
1750508192832,83.23,20.737,buy,293518243
1750508192837,83.23,0.253,buy,293518244
1750508193312,83.24,0.24,buy,293518245
1750508194400,83.23,0.12,sell,293518246
1750508194892,83.24,0.136,buy,293518247
1750508197571,83.23,7.364,sell,293518248
1750508199506,83.24,0.549,buy,293518249
1750508200355,83.24,0.164,buy,293518250
1750508207164,83.23,10,sell,293518251
1750508209471,83.24,0.493,buy,293518252
1750508212878,83.24,0.408,buy,293518253
1750508217996,83.24,0.671,buy,293518254
1750508221600,83.22,0.313,sell,293518255
1750508229941,83.22,0.764,buy,293518256
1750508230605,83.22,0.649,buy,293518257
1750508233758,83.22,21.613,buy,293518258
1750508233758,83.22,9.485,buy,293518259
1750508233758,83.22,0.127,buy,293518260
1750508233790,83.23,0.406,buy,293518261
1750508237113,83.24,0.18,buy,293518262
1750508240188,83.24,0.148,buy,293518263
1750508241669,83.24,0.407,buy,293518264
1750508242125,83.23,3.691,sell,293518265
1750508243912,83.23,0.088,sell,293518266
1750508245293,83.22,13.575,sell,293518267
1750508246704,83.22,0.192,sell,293518268
1750508248652,83.22,0.44,buy,293518269
1750508249039,83.22,0.164,buy,293518270
1750508250400,83.22,0.721,buy,293518271
1750508250418,83.22,0.15,buy,293518272
1750508252671,83.22,4.379,buy,293518273
1750508260645,83.22,0.599,buy,293518274
1750508261050,83.22,0.75,buy,293518275
1750508261578,83.22,0.951,buy,293518276
1750508265972,83.22,0.372,buy,293518277
1750508275864,83.22,0.6,buy,293518278
1750508276858,83.22,0.841,buy,293518279
1750508278502,83.22,1.178,buy,293518280
1750508278683,83.22,0.742,buy,293518281
1750508279881,83.21,8.166,sell,293518282
1750508284128,83.21,0.307,sell,293518283
1750508284880,83.21,2.856,sell,293518284
1750508291247,83.22,0.424,buy,293518285
1750508291572,83.22,1.123,buy,293518286
1750508291674,83.22,0.776,buy,293518287
1750508293732,83.22,0.205,buy,293518288
1750508295584,83.22,0.461,buy,293518289
1750508297201,83.22,0.519,buy,293518290
1750508308655,83.22,0.1,buy,293518291
1750508309704,83.22,0.061,buy,293518292
1750508310092,83.22,0.074,buy,293518293
1750508314394,83.22,0.382,buy,293518294
1750508324492,83.23,0.238,buy,293518295
1750508327292,83.22,2.646,sell,293518296
1750508328797,83.22,1.003,sell,293518297
1750508329878,83.23,0.781,buy,293518298
1750508330663,83.22,0.11,sell,293518299
1750508335541,83.22,5.618,sell,293518300
1750508343089,83.23,0.062,buy,293518301
1750508343131,83.22,1.181,sell,293518302
1750508346380,83.22,0.526,sell,293518303
1750508346900,83.22,0.192,sell,293518304
1750508349840,83.21,8.253,sell,293518305
1750508349923,83.21,0.361,sell,293518306
1750508350079,83.21,0.076,buy,293518307
1750508350707,83.2,26.41,sell,293518308
1750508352784,83.21,0.113,buy,293518309
1750508357220,83.2,0.373,sell,293518310
1750508360119,83.21,0.23,buy,293518311
1750508360639,83.21,0.898,buy,293518312
1750508360641,83.21,0.063,buy,293518313
1750508373577,83.22,0.067,buy,293518314
1750508374217,83.22,0.436,buy,293518315
1750508376957,83.22,0.582,buy,293518316
1750508383516,83.22,2.32,buy,293518317
1750508383968,83.22,0.631,buy,293518318
1750508384166,83.21,18.5,sell,293518319
1750508384216,83.2,1.181,sell,293518320
1750508384271,83.2,2.525,sell,293518321
1750508385134,83.21,1.769,buy,293518322
1750508387466,83.21,1.466,buy,293518323
1750508388699,83.21,1.086,buy,293518324
1750508404001,83.21,2.192,buy,293518325
1750508406241,83.21,0.317,buy,293518326
1750508409050,83.2,0.56,sell,293518327
1750508410354,83.21,1.19,buy,293518328
1750508417150,83.2,1.206,sell,293518329
1750508421583,83.21,0.744,buy,293518330
1750508421703,83.21,0.292,buy,293518331
1750508424738,83.2,13.674,sell,293518332
1750508427583,83.2,0.398,sell,293518333
1750508429611,83.21,0.447,buy,293518334
1750508432039,83.21,1.081,buy,293518335
1750508433155,83.21,0.186,buy,293518336
1750508434809,83.21,0.243,buy,293518337
1750508435497,83.21,0.743,buy,293518338
1750508441239,83.22,3.19,buy,293518339
1750508443664,83.22,0.944,buy,293518340
1750508443673,83.21,4.393,sell,293518341
1750508444170,83.21,13.927,sell,293518342
1750508444170,83.2,7.322,sell,293518343
1750508445355,83.2,0.118,sell,293518344
1750508450302,83.21,0.083,buy,293518345
1750508464218,83.2,0.12,sell,293518346
1750508464223,83.2,0.12,sell,293518347
1750508464566,83.21,0.412,buy,293518348
1750508473226,83.2,78.011,sell,293518349
1750508473228,83.2,33.75,sell,293518350
1750508473228,83.2,16.188,sell,293518351
1750508473233,83.19,5.771,sell,293518352
1750508473800,83.19,2.54,sell,293518353
1750508476528,83.19,0.445,buy,293518354
1750508476724,83.18,0.139,sell,293518355
1750508477037,83.17,0.217,sell,293518356
1750508477084,83.17,1.857,sell,293518357
1750508477089,83.16,0.34,sell,293518358
1750508477091,83.16,5.589,buy,293518359
1750508477156,83.15,0.37,sell,293518360
1750508477158,83.15,5.559,buy,293518361
1750508477158,83.15,1.058,buy,293518362
1750508477158,83.15,1.058,buy,293518363
1750508477158,83.15,1.058,buy,293518364
1750508477159,83.15,1.058,buy,293518365
1750508477160,83.15,22.313,buy,293518366
1750508477160,83.15,1.058,buy,293518367
1750508477160,83.15,1.058,buy,293518368
1750508477160,83.15,1.202,buy,293518369
1750508477160,83.15,1.058,buy,293518370
1750508477160,83.15,1.058,buy,293518371
1750508477160,83.15,1.058,buy,293518372
1750508477161,83.15,1.058,buy,293518373
1750508477161,83.15,1.058,buy,293518374
1750508477161,83.15,1.058,buy,293518375
1750508477161,83.15,1.058,buy,293518376
1750508477161,83.15,1.058,buy,293518377
1750508477162,83.15,4.425,buy,293518378
1750508477163,83.15,1.395,buy,293518379
1750508477164,83.15,1.939,buy,293518380
1750508477165,83.15,1.939,buy,293518381
1750508477165,83.15,1.939,buy,293518382
1750508477165,83.15,1.939,buy,293518383
1750508477165,83.15,1.939,buy,293518384
1750508477165,83.15,13.066,buy,293518385
1750508477165,83.15,1.058,buy,293518386
1750508477166,83.15,1.058,buy,293518387
1750508477180,83.15,0.336,buy,293518388
1750508477196,83.15,0.336,buy,293518389
1750508477198,83.15,4.826,buy,293518390
1750508477214,83.15,0.189,buy,293518391
1750508482692,83.16,0.529,buy,293518392
1750508483817,83.16,0.864,buy,293518393
1750508483819,83.16,0.063,buy,293518394
1750508491512,83.17,0.914,buy,293518395
1750508496148,83.17,2.6,buy,293518396
1750508496459,83.17,0.375,buy,293518397
1750508498760,83.16,0.064,sell,293518398
1750508499228,83.16,0.209,sell,293518399
1750508499634,83.16,0.12,sell,293518400
1750508504099,83.17,0.241,buy,293518401
1750508504310,83.17,0.27,buy,293518402
1750508506091,83.16,0.594,sell,293518403
1750508506608,83.16,0.299,sell,293518404
1750508509347,83.16,0.044,sell,293518405
1750508512839,83.16,0.671,buy,293518406
1750508513657,83.15,1.434,sell,293518407
1750508513824,83.16,0.665,buy,293518408
1750508514830,83.16,0.772,buy,293518409
1750508515904,83.16,0.415,buy,293518410
1750508517419,83.16,0.749,buy,293518411
1750508523462,83.16,0.65,buy,293518412
1750508525808,83.16,0.251,buy,293518413
1750508532187,83.16,0.1,buy,293518414
1750508539305,83.15,58.308,sell,293518415
1750508539306,83.15,0.064,sell,293518416
1750508540176,83.14,0.332,sell,293518417
1750508540800,83.14,0.173,sell,293518418
1750508542052,83.14,0.061,buy,293518419
1750508542423,83.13,1.214,sell,293518420
1750508545011,83.13,6.611,sell,293518421
1750508545502,83.13,0.445,sell,293518422
1750508548333,83.14,0.869,buy,293518423
1750508548555,83.14,0.184,buy,293518424
1750508549969,83.14,0.386,buy,293518425
1750508554099,83.14,1.563,buy,293518426
1750508556202,83.14,0.076,buy,293518427
1750508561625,83.13,0.27,sell,293518428
1750508562206,83.14,0.097,buy,293518429
1750508568001,83.14,0.125,buy,293518430
1750508568595,83.13,0.09,sell,293518431
1750508568978,83.14,0.75,buy,293518432
1750508569465,83.14,0.445,buy,293518433
1750508571378,83.13,7.446,sell,293518434
1750508572775,83.14,0.124,buy,293518435
1750508575801,83.13,0.12,sell,293518436
1750508578847,83.14,1.563,buy,293518437
1750508579173,83.14,2.233,buy,293518438
1750508581422,83.13,0.472,sell,293518439
1750508587799,83.13,1.714,sell,293518440
1750508588997,83.14,0.449,buy,293518441
1750508589684,83.14,2.248,buy,293518442
1750508590348,83.14,0.195,buy,293518443
1750508595294,83.14,0.362,buy,293518444
1750508596940,83.14,47.622,buy,293518445
1750508596950,83.15,55.58,buy,293518446
1750508596950,83.15,30.148,buy,293518447
1750508596951,83.15,13.711,buy,293518448
1750508596951,83.15,4.77,buy,293518449
1750508596953,83.15,16.55,buy,293518450
1750508597078,83.16,1.181,buy,293518451
1750508597133,83.16,0.901,buy,293518452
1750508597310,83.16,0.318,buy,293518453
1750508597601,83.17,0.695,buy,293518454
1750508598104,83.18,1.181,buy,293518455
1750508598371,83.18,0.342,buy,293518456
1750508599474,83.19,6.737,buy,293518457
1750508599483,83.2,4.847,buy,293518458
1750508599899,83.21,0.695,buy,293518459
1750508599899,83.22,0.486,buy,293518460
1750508599900,83.22,0.169,buy,293518461
1750508599956,83.23,0.15,buy,293518462
1750508600088,83.23,8.712,buy,293518463
1750508601969,83.23,0.346,buy,293518464
1750508602442,83.23,45.75,buy,293518465
1750508602442,83.23,0.064,buy,293518466
1750508602443,83.24,41.135,buy,293518467
1750508602443,83.24,0.127,buy,293518468
1750508602444,83.25,11.186,buy,293518469
1750508602444,83.25,44.699,buy,293518470
1750508602689,83.25,15.317,buy,293518471
1750508602691,83.25,0.255,buy,293518472
1750508602749,83.26,0.847,buy,293518473
1750508603000,83.27,0.849,buy,293518474
1750508604395,83.28,0.348,buy,293518475
1750508606103,83.28,1.644,buy,293518476
1750508608042,83.29,0.12,buy,293518477
1750508610138,83.29,0.15,buy,293518478
1750508610803,83.29,1.236,buy,293518479
1750508610889,83.28,0.19,sell,293518480
1750508613658,83.28,0.237,sell,293518481
1750508613701,83.29,0.252,buy,293518482
1750508615069,83.29,16.178,sell,293518483
1750508619140,83.29,12.009,sell,293518484
1750508619147,83.29,0.588,buy,293518485
1750508619226,83.28,1.181,sell,293518486
1750508621302,83.29,1.95,buy,293518487
1750508625820,83.29,0.272,buy,293518488
1750508626625,83.29,23.081,buy,293518489
1750508627900,83.3,0.695,buy,293518490
1750508628381,83.31,0.09,buy,293518491
1750508629014,83.31,3.742,buy,293518492
1750508629014,83.31,2.268,buy,293518493
1750508629016,83.32,10.194,buy,293518494
1750508629018,83.33,0.067,buy,293518495
1750508629038,83.33,0.562,buy,293518496
1750508629039,83.33,0.063,buy,293518497
1750508629107,83.34,0.62,buy,293518498
1750508629112,83.34,0.127,buy,293518499
1750508629116,83.34,0.127,buy,293518500
1750508629120,83.34,0.127,buy,293518501
1750508629122,83.34,0.318,buy,293518502
1750508629122,83.35,0.863,buy,293518503
1750508629145,83.35,0.345,buy,293518504
1750508629147,83.35,0.063,buy,293518505
1750508629195,83.36,0.598,buy,293518506
1750508629306,83.36,0.999,sell,293518507
1750508629509,83.37,0.4,buy,293518508
1750508629911,83.37,0.427,buy,293518509
1750508630337,83.37,0.068,sell,293518510
1750508630486,83.38,0.4,buy,293518511
1750508631487,83.38,0.4,buy,293518512
1750508632487,83.38,0.4,buy,293518513
1750508633488,83.38,0.4,buy,293518514
1750508633773,83.37,1.181,sell,293518515
1750508633788,83.37,1.181,sell,293518516
1750508633819,83.36,1.181,sell,293518517
1750508633862,83.36,1.181,sell,293518518
1750508633882,83.36,1.181,sell,293518519
1750508633888,83.36,1.181,sell,293518520
1750508633897,83.36,1.181,sell,293518521
1750508633912,83.36,0.41,sell,293518522
1750508633913,83.36,0.056,sell,293518523
1750508633917,83.36,1.641,buy,293518524
1750508634033,83.35,3.543,sell,293518525
1750508634301,83.36,70.114,buy,293518526
1750508634302,83.36,0.063,buy,293518527
1750508634304,83.37,43.251,buy,293518528
1750508634304,83.37,27.685,buy,293518529
1750508637358,83.37,0.309,sell,293518530
1750508639602,83.38,0.583,buy,293518531
1750508640257,83.37,0.09,sell,293518532
1750508640324,83.36,1.113,sell,293518533
1750508640324,83.35,17.387,sell,293518534
1750508640371,83.35,0.211,sell,293518535
1750508640574,83.34,0.171,sell,293518536
1750508640601,83.34,0.139,sell,293518537
1750508641018,83.34,0.18,buy,293518538
1750508641095,83.33,0.121,sell,293518539
1750508641218,83.33,0.165,buy,293518540
1750508645856,83.32,12.382,sell,293518541
1750508645863,83.31,0.301,sell,293518542
1750508645867,83.3,27.839,sell,293518543
1750508645890,83.29,4.288,sell,293518544
1750508646200,83.29,0.313,sell,293518545
1750508651060,83.28,0.067,sell,293518546
1750508651105,83.27,9.616,sell,293518547
1750508651118,83.27,0.374,sell,293518548
1750508651135,83.26,0.212,sell,293518549
1750508651219,83.25,1.484,sell,293518550
1750508652394,83.26,0.213,buy,293518551
1750508659549,83.26,0.524,buy,293518552
1750508664129,83.25,2.403,sell,293518553
1750508668992,83.25,0.849,sell,293518554
1750508668992,83.25,0.12,sell,293518555
1750508669827,83.26,0.131,buy,293518556
1750508670045,83.25,1.351,sell,293518557
1750508670118,83.26,0.684,buy,293518558
1750508671701,83.26,1.199,buy,293518559
1750508671821,83.25,0.601,sell,293518560
1750508671921,83.26,0.422,buy,293518561
1750508674201,83.26,14.77,buy,293518562
1750508674213,83.27,0.628,buy,293518563
1750508675402,83.28,13.361,buy,293518564
1750508675425,83.29,0.406,buy,293518565
1750508675900,83.28,0.313,sell,293518566
1750508677153,83.28,0.6,buy,293518567
1750508680406,83.28,15.38,buy,293518568
1750508680407,83.28,0.063,buy,293518569
1750508680600,83.29,0.507,buy,293518570
1750508680840,83.3,0.401,buy,293518571
1750508681499,83.3,0.382,buy,293518572
1750508681842,83.31,0.269,buy,293518573
1750508682168,83.31,1.87,buy,293518574
1750508683401,83.31,7.009,buy,293518575
1750508683475,83.32,0.659,buy,293518576
1750508683477,83.32,0.063,buy,293518577
1750508684352,83.33,0.076,buy,293518578
1750508685734,83.33,0.346,buy,293518579
1750508686701,83.32,11.378,sell,293518580
1750508686900,83.31,0.192,sell,293518581
1750508687358,83.31,10.071,buy,293518582
1750508689006,83.3,9.868,sell,293518583
1750508690115,83.29,0.081,sell,293518584
1750508690329,83.3,15.744,buy,293518585
1750508690330,83.3,0.063,buy,293518586
1750508690724,83.31,0.628,buy,293518587
1750508692646,83.31,59.51,sell,293518588
1750508694455,83.32,26.871,buy,293518589
1750508695051,83.32,0.136,buy,293518590
1750508696608,83.31,1.194,sell,293518591
1750508701831,83.32,1.796,buy,293518592
1750508703428,83.32,14.49,buy,293518593
1750508703429,83.32,0.127,buy,293518594
1750508703431,83.32,0.063,buy,293518595
1750508703800,83.33,0.695,buy,293518596
1750508705500,83.34,0.786,buy,293518597
1750508709559,83.34,34.102,sell,293518598
1750508709559,83.33,36.502,sell,293518599
1750508709561,83.32,4,sell,293518600
1750508709582,83.32,0.279,sell,293518601
1750508709614,83.32,23.179,sell,293518602
1750508711713,83.32,0.612,buy,293518603
1750508712374,83.32,22.901,buy,293518604
1750508712374,83.33,4.218,buy,293518605
1750508712439,83.33,1.2,buy,293518606
1750508714486,83.33,0.733,buy,293518607
1750508715220,83.33,0.126,buy,293518608
1750508718438,83.34,2.998,buy,293518609
1750508719435,83.33,0.303,sell,293518610
1750508719438,83.34,2.999,buy,293518611
1750508719438,83.34,2.998,buy,293518612
1750508719440,83.34,9.57,buy,293518613
1750508719443,83.34,0.252,buy,293518614
1750508719448,83.34,0.189,buy,293518615
1750508719448,83.34,0.189,buy,293518616
1750508723193,83.34,3.5,sell,293518617
1750508723196,83.34,0.189,sell,293518618
1750508723196,83.33,6.709,sell,293518619
1750508723198,83.32,21.385,sell,293518620
1750508723449,83.32,2.999,buy,293518621
1750508724459,83.32,0.315,buy,293518622
1750508725599,83.33,0.233,buy,293518623
1750508727804,83.33,1.315,buy,293518624
1750508728314,83.33,0.326,buy,293518625
1750508729231,83.33,2.998,buy,293518626
1750508729233,83.33,16.429,buy,293518627
1750508729235,83.33,0.381,buy,293518628
1750508729400,83.34,0.568,buy,293518629
1750508738424,83.35,1.005,buy,293518630
1750508741102,83.35,0.258,buy,293518631
1750508743623,83.35,0.267,buy,293518632
1750508745264,83.35,2.998,buy,293518633
1750508745265,83.35,2.998,buy,293518634
1750508745345,83.34,0.25,sell,293518635
1750508745568,83.35,0.373,buy,293518636
1750508745783,83.35,0.19,sell,293518637
1750508749458,83.36,3.523,buy,293518638
1750508749500,83.36,0.315,buy,293518639
1750508751519,83.37,0.655,buy,293518640
1750508753812,83.37,0.166,buy,293518641
1750508754411,83.37,1.672,buy,293518642
1750508757805,83.37,0.3,buy,293518643
1750508757950,83.36,1.538,sell,293518644
1750508759677,83.37,0.282,buy,293518645
1750508764300,83.38,0.57,buy,293518646
1750508767537,83.39,0.069,buy,293518647
1750508767899,83.38,1.827,sell,293518648
1750508774208,83.39,2.191,buy,293518649
1750508777007,83.38,50.567,sell,293518650
1750508777064,83.37,18.243,sell,293518651
1750508777064,83.36,0.257,sell,293518652
1750508777118,83.36,12.252,sell,293518653
1750508777118,83.36,0.063,sell,293518654
1750508777121,83.35,0.834,sell,293518655
1750508777219,83.35,11.166,sell,293518656
1750508777329,83.34,1.862,sell,293518657
1750508784703,83.35,0.32,buy,293518658
1750508787955,83.35,0.148,buy,293518659
1750508788352,83.35,1.006,buy,293518660
1750508788791,83.35,0.9,buy,293518661
1750508789619,83.35,1.215,buy,293518662
1750508794890,83.34,0.248,sell,293518663
1750508797004,83.35,0.349,buy,293518664
1750508801600,83.34,0.163,sell,293518665
1750508804542,83.35,1.131,buy,293518666
1750508804909,83.34,0.239,sell,293518667
1750508805357,83.35,0.225,buy,293518668
1750508810430,83.35,5.998,buy,293518669
1750508813906,83.35,0.135,buy,293518670
1750508815784,83.34,6.424,sell,293518671
1750508816402,83.35,0.375,buy,293518672
1750508816504,83.34,1.341,sell,293518673
1750508822741,83.34,0.3,sell,293518674
1750508822796,83.35,0.095,buy,293518675
1750508826104,83.35,0.301,buy,293518676
1750508826777,83.34,0.305,sell,293518677
1750508830895,83.35,1.65,buy,293518678
1750508833474,83.34,0.613,sell,293518679
1750508840157,83.35,2.502,buy,293518680
1750508845031,83.35,45.727,buy,293518681
1750508845160,83.36,0.436,buy,293518682
1750508846533,83.36,3.629,sell,293518683
1750508849242,83.37,1.241,buy,293518684
1750508852756,83.37,0.061,buy,293518685
1750508854436,83.36,4.777,sell,293518686
1750508856067,83.36,0.098,sell,293518687
1750508856478,83.37,0.375,buy,293518688
1750508856966,83.37,0.15,buy,293518689
1750508863149,83.36,0.099,sell,293518690
1750508865212,83.37,0.144,buy,293518691
1750508867156,83.37,0.082,buy,293518692
1750508869447,83.37,1.451,buy,293518693
1750508870406,83.37,0.228,buy,293518694
1750508871306,83.36,0.6,sell,293518695
1750508871558,83.36,4.417,sell,293518696
1750508874734,83.36,0.104,sell,293518697
1750508877525,83.36,0.595,sell,293518698
1750508878800,83.36,1.496,sell,293518699
1750508879029,83.37,1.2,buy,293518700
1750508882999,83.36,6.83,sell,293518701
1750508883418,83.36,0.305,sell,293518702
1750508885088,83.36,0.96,buy,293518703
1750508889800,83.36,0.711,buy,293518704
1750508893004,83.37,0.3,buy,293518705
1750508895277,83.37,23.55,buy,293518706
1750508895277,83.38,25.012,buy,293518707
1750508896342,83.38,6.185,sell,293518708
1750508897595,83.38,0.46,buy,293518709
1750508897743,83.38,0.187,buy,293518710
1750508899695,83.37,6.306,sell,293518711
1750508899744,83.36,0.156,sell,293518712
1750508901364,83.36,0.306,buy,293518713
1750508901610,83.35,4.768,sell,293518714
1750508907992,83.35,3.619,sell,293518715
1750508908155,83.36,0.122,buy,293518716
1750508909876,83.36,0.377,buy,293518717
1750508918142,83.35,0.23,sell,293518718
1750508918188,83.36,0.157,buy,293518719
1750508919655,83.35,0.128,sell,293518720
1750508920376,83.36,0.813,buy,293518721
1750508924757,83.36,0.25,buy,293518722
1750508928394,83.36,0.225,buy,293518723
1750508929507,83.36,0.293,buy,293518724
1750508929891,83.35,1.086,sell,293518725
1750508932353,83.35,0.132,sell,293518726
1750508933492,83.35,6.036,sell,293518727
1750508934584,83.35,0.06,buy,293518728
1750508936256,83.34,0.643,sell,293518729
1750508940842,83.35,0.062,buy,293518730
1750508942298,83.35,0.586,buy,293518731
1750508945606,83.35,0.132,buy,293518732
1750508947997,83.34,2.752,sell,293518733
1750508948428,83.35,5.009,buy,293518734
1750508948720,83.34,0.213,sell,293518735
1750508950551,83.34,0.131,sell,293518736
1750508950684,83.34,2.448,sell,293518737
1750508953930,83.35,0.1,buy,293518738
1750508959029,83.35,1.57,buy,293518739
1750508960000,83.35,0.251,buy,293518740
1750508960066,83.34,3.071,sell,293518741
1750508960139,83.34,0.098,sell,293518742
1750508965111,83.35,0.262,buy,293518743
1750508965539,83.35,0.227,buy,293518744
1750508965725,83.35,0.557,buy,293518745
1750508966148,83.35,0.528,buy,293518746
1750508977180,83.34,0.456,sell,293518747
1750508980865,83.35,31.079,buy,293518748
1750508983218,83.36,1.243,buy,293518749
1750508986997,83.35,0.297,sell,293518750
1750508990196,83.35,0.932,sell,293518751
1750508991338,83.36,0.298,buy,293518752
1750508991958,83.35,5,sell,293518753
1750508995099,83.36,0.48,buy,293518754
1750508997300,83.35,0.473,sell,293518755
1750508997641,83.35,5.525,sell,293518756
1750508998206,83.35,0.602,buy,293518757
1750509000609,83.34,0.215,sell,293518758
1750509000666,83.35,1.121,buy,293518759
1750509001897,83.35,0.48,buy,293518760
1750509002220,83.35,0.961,buy,293518761
1750509003600,83.35,0.342,buy,293518762
1750509004068,83.36,0.367,buy,293518763
1750509007204,83.35,0.268,sell,293518764
1750509007433,83.35,0.241,sell,293518765
1750509008444,83.35,0.552,sell,293518766
1750509010895,83.35,4.715,sell,293518767
1750509015438,83.36,0.46,buy,293518768
1750509015892,83.36,0.304,buy,293518769
1750509016860,83.35,1.562,sell,293518770
1750509017836,83.36,0.104,buy,293518771
1750509019600,83.35,1.245,sell,293518772
1750509021821,83.35,0.502,sell,293518773
1750509022070,83.36,0.716,buy,293518774
1750509022100,83.36,0.277,buy,293518775
1750509030353,83.37,0.963,buy,293518776
1750509032154,83.37,0.336,buy,293518777
1750509032202,83.37,1.299,buy,293518778
1750509032310,83.37,0.059,buy,293518779
1750509032476,83.37,0.275,buy,293518780
1750509032654,83.37,0.082,buy,293518781
1750509035092,83.35,0.24,buy,293518782
1750509037993,83.34,6.212,sell,293518783
1750509041689,83.35,0.347,buy,293518784
1750509042592,83.36,23.837,buy,293518785
1750509043313,83.35,0.21,sell,293518786
1750509043403,83.35,0.676,sell,293518787
1750509045601,83.36,0.316,buy,293518788
1750509045758,83.36,0.483,buy,293518789
1750509046120,83.37,0.456,buy,293518790
1750509047154,83.36,0.109,sell,293518791
1750509051722,83.37,0.075,buy,293518792
1750509051800,83.37,0.271,buy,293518793
1750509057669,83.36,0.295,buy,293518794
1750509059701,83.36,0.423,buy,293518795
1750509060702,83.37,6.01,buy,293518796
1750509061675,83.36,4,sell,293518797
1750509065615,83.37,0.24,buy,293518798
1750509067339,83.37,12.074,buy,293518799
1750509068319,83.36,0.599,sell,293518800
1750509069627,83.36,0.078,sell,293518801
1750509070278,83.37,0.51,buy,293518802
1750509071079,83.36,0.102,sell,293518803
1750509076683,83.37,0.553,buy,293518804
1750509080447,83.37,0.418,buy,293518805
1750509081747,83.37,0.378,buy,293518806
1750509081822,83.37,0.804,buy,293518807
1750509082369,83.37,2.241,buy,293518808
1750509083957,83.37,0.895,buy,293518809
1750509086275,83.37,1.927,buy,293518810
1750509087542,83.36,6.123,sell,293518811
1750509087827,83.35,0.069,sell,293518812
1750509088752,83.36,0.439,buy,293518813
1750509096200,83.36,0.512,buy,293518814
1750509103035,83.36,0.143,buy,293518815
1750509103470,83.35,3.951,sell,293518816
1750509104309,83.36,0.268,buy,293518817
1750509110839,83.36,1.002,buy,293518818
1750509111472,83.35,3.653,sell,293518819
1750509113984,83.36,18.677,buy,293518820
1750509127408,83.35,6.187,sell,293518821
1750509127978,83.35,1.56,buy,293518822
1750509129181,83.34,0.187,sell,293518823
1750509130207,83.33,0.754,sell,293518824
1750509131239,83.34,1.199,buy,293518825
1750509131283,83.34,0.963,buy,293518826
1750509132513,83.33,0.741,sell,293518827
1750509132799,83.34,0.481,buy,293518828
1750509134995,83.34,0.12,buy,293518829
1750509139302,83.34,0.466,buy,293518830
1750509139393,83.34,0.599,buy,293518831
1750509146062,83.34,4.906,buy,293518832
1750509146594,83.34,3.721,buy,293518833
1750509147443,83.33,0.424,sell,293518834
1750509151525,83.33,0.099,sell,293518835
1750509152496,83.33,1.533,sell,293518836
1750509157296,83.34,0.334,buy,293518837
1750509159064,83.34,0.542,buy,293518838
1750509159477,83.34,0.971,buy,293518839
1750509159954,83.33,0.263,sell,293518840
1750509162912,83.33,0.984,sell,293518841
1750509162912,83.33,0.197,sell,293518842
1750509162944,83.33,6.109,sell,293518843
1750509163028,83.32,0.999,sell,293518844
1750509163276,83.31,0.189,sell,293518845
1750509165418,83.32,0.372,buy,293518846
1750509167566,83.31,0.09,sell,293518847
1750509167700,83.32,0.378,buy,293518848
1750509168804,83.31,0.062,sell,293518849
1750509172977,83.31,0.171,sell,293518850
1750509177154,83.31,0.784,sell,293518851
1750509180686,83.31,0.13,sell,293518852
1750509180687,83.31,0.062,sell,293518853
1750509180701,83.3,0.401,sell,293518854
1750509181817,83.3,0.223,buy,293518855
1750509182517,83.3,0.31,buy,293518856
1750509186548,83.3,0.068,buy,293518857
1750509187151,83.3,0.409,buy,293518858
1750509187418,83.3,0.554,buy,293518859
1750509188368,83.29,5.346,sell,293518860
1750509191597,83.29,0.213,sell,293518861
1750509195820,83.29,24.193,sell,293518862
1750509195820,83.28,4.836,sell,293518863
1750509197913,83.29,0.09,buy,293518864
1750509202334,83.28,9.78,sell,293518865
1750509203035,83.27,0.188,sell,293518866
1750509207395,83.27,0.542,buy,293518867
1750509207614,83.26,24.021,sell,293518868
1750509208150,83.27,0.187,buy,293518869
1750509214585,83.27,0.631,buy,293518870
1750509214822,83.27,0.216,buy,293518871
1750509214907,83.26,1.275,sell,293518872
1750509217348,83.27,0.5,buy,293518873
1750509218827,83.27,5.267,buy,293518874
1750509221913,83.27,0.248,buy,293518875
1750509223272,83.26,1.037,sell,293518876
1750509225175,83.27,0.251,buy,293518877
1750509227460,83.26,0.09,sell,293518878
1750509228261,83.27,0.381,buy,293518879
1750509228600,83.27,0.374,buy,293518880
1750509230399,83.26,0.907,sell,293518881
1750509238789,83.27,0.898,buy,293518882
1750509240982,83.26,0.259,sell,293518883
1750509241061,83.25,0.389,sell,293518884
1750509241311,83.25,2.398,buy,293518885
1750509243116,83.25,0.12,buy,293518886
1750509245793,83.25,0.6,buy,293518887
1750509246713,83.25,0.062,buy,293518888
1750509248501,83.24,3.5,sell,293518889
1750509248986,83.25,3.516,buy,293518890
1750509249166,83.25,0.188,buy,293518891
1750509249803,83.23,0.11,sell,293518892
1750509250569,83.24,2.421,buy,293518893
1750509251750,83.23,0.38,sell,293518894
1750509253752,83.22,0.062,sell,293518895
1750509256865,83.23,0.095,buy,293518896
1750509259363,83.22,1.11,sell,293518897
1750509262166,83.23,0.442,buy,293518898
1750509262396,83.23,1.007,buy,293518899
1750509265406,83.23,0.601,buy,293518900
1750509265889,83.23,1.172,buy,293518901
1750509265898,83.24,0.719,buy,293518902
1750509265916,83.25,1.643,buy,293518903
1750509266200,83.25,0.695,buy,293518904
1750509267953,83.26,0.252,buy,293518905
1750509269847,83.26,0.101,buy,293518906
1750509269993,83.25,2.338,sell,293518907
1750509269995,83.26,2.675,buy,293518908
1750509272107,83.25,0.334,sell,293518909
1750509272321,83.25,0.217,sell,293518910
1750509281567,83.25,1.79,sell,293518911
1750509282121,83.25,0.183,sell,293518912
1750509285999,83.26,0.535,buy,293518913
1750509286295,83.26,0.628,buy,293518914
1750509287821,83.26,1.153,buy,293518915
1750509288339,83.26,2.268,buy,293518916
1750509288595,83.26,0.276,buy,293518917
1750509290266,83.26,0.191,buy,293518918
1750509291135,83.26,0.153,buy,293518919
1750509297600,83.25,0.748,buy,293518920
1750509300374,83.26,0.436,buy,293518921
1750509307183,83.27,0.5,buy,293518922
1750509317490,83.27,0.523,buy,293518923
1750509322101,83.26,0.238,sell,293518924
1750509324429,83.26,0.187,sell,293518925
1750509324861,83.27,0.503,buy,293518926
1750509326252,83.27,0.24,buy,293518927
1750509326257,83.27,0.378,buy,293518928
1750509326600,83.28,0.695,buy,293518929
1750509326901,83.29,0.695,buy,293518930
1750509330205,83.29,0.108,sell,293518931
1750509330661,83.28,0.609,sell,293518932
1750509331401,83.29,0.136,buy,293518933
1750509332380,83.29,0.419,buy,293518934
1750509334318,83.28,1.221,sell,293518935
1750509334506,83.29,0.412,buy,293518936
1750509336000,83.28,0.565,sell,293518937
1750509336007,83.28,0.373,buy,293518938
1750509337939,83.27,6.316,sell,293518939
1750509339774,83.26,0.121,sell,293518940
1750509342701,83.25,0.188,sell,293518941
1750509343392,83.25,0.544,buy,293518942
1750509348542,83.25,0.415,buy,293518943
1750509351247,83.25,1.236,buy,293518944
1750509353269,83.25,2.244,buy,293518945
1750509354011,83.25,0.288,buy,293518946
1750509355002,83.25,3.065,buy,293518947
1750509356654,83.25,2.619,buy,293518948
1750509357355,83.25,0.252,buy,293518949
1750509360942,83.26,0.305,buy,293518950
1750509367967,83.24,0.188,sell,293518951
1750509369857,83.23,0.188,sell,293518952
1750509373524,83.22,0.079,sell,293518953
1750509375769,83.22,0.38,sell,293518954
1750509375786,83.21,0.279,sell,293518955
1750509376941,83.21,0.583,buy,293518956
1750509378201,83.21,0.146,buy,293518957
1750509378455,83.21,1.782,buy,293518958
1750509379748,83.21,0.136,buy,293518959
1750509379773,83.2,0.061,sell,293518960
1750509388155,83.21,0.084,buy,293518961
1750509388254,83.2,0.073,sell,293518962
1750509396092,83.21,0.381,buy,293518963
1750509396200,83.21,0.879,buy,293518964
1750509396597,83.22,0.12,buy,293518965
1750509397610,83.21,93.151,sell,293518966
1750509397610,83.2,10.28,sell,293518967
1750509398300,83.21,0.381,buy,293518968
1750509400154,83.22,0.122,buy,293518969
1750509402832,83.22,27.828,buy,293518970
1750509402872,83.23,14.769,buy,293518971
1750509402872,83.23,10.918,buy,293518972
1750509402873,83.24,4,buy,293518973
1750509402927,83.24,0.748,buy,293518974
1750509402928,83.24,1.181,buy,293518975
1750509404690,83.24,0.786,buy,293518976
1750509406119,83.24,1.547,buy,293518977
1750509406392,83.24,1.333,buy,293518978
1750509412099,83.23,0.23,sell,293518979
1750509414611,83.24,0.312,buy,293518980
1750509416204,83.24,0.093,buy,293518981
1750509416993,83.24,0.372,buy,293518982
1750509422354,83.24,0.551,buy,293518983
1750509424400,83.24,1.066,buy,293518984
1750509425594,83.24,1.201,sell,293518985
1750509431100,83.24,6.198,sell,293518986
1750509432509,83.24,0.286,buy,293518987
1750509437327,83.23,10.245,sell,293518988
1750509437630,83.23,0.396,buy,293518989
1750509439472,83.22,0.188,sell,293518990
1750509439942,83.22,0.252,buy,293518991
1750509440361,83.21,0.194,sell,293518992
1750509440497,83.22,0.472,buy,293518993
1750509441054,83.21,0.38,sell,293518994
1750509447535,83.21,0.079,buy,293518995
1750509450265,83.21,1.784,buy,293518996
1750509450767,83.21,0.077,buy,293518997
1750509454112,83.2,15,sell,293518998
1750509455766,83.21,0.492,buy,293518999
1750509456117,83.21,0.44,buy,293519000
1750509457800,83.21,0.618,buy,293519001
1750509470286,83.22,0.222,buy,293519002
1750509471165,83.22,1.206,buy,293519003
1750509471183,83.23,1.191,buy,293519004
1750509471361,83.23,0.126,buy,293519005
1750509472249,83.24,1.189,buy,293519006
1750509475806,83.24,0.076,buy,293519007
1750509480960,83.23,0.5,buy,293519008
1750509482463,83.23,0.509,buy,293519009
1750509483577,83.22,2.01,sell,293519010
1750509493726,83.23,0.328,buy,293519011
1750509496280,83.23,0.566,buy,293519012
1750509499413,83.22,0.545,sell,293519013
1750509501028,83.22,0.34,sell,293519014
1750509501578,83.22,0.996,sell,293519015
1750509505351,83.23,0.205,buy,293519016
1750509507855,83.23,0.158,buy,293519017
1750509510013,83.23,0.113,buy,293519018
1750509512839,83.22,0.275,sell,293519019
1750509515023,83.23,0.806,buy,293519020
1750509516308,83.23,0.908,buy,293519021
1750509520431,83.23,0.459,buy,293519022
1750509522142,83.22,3.357,sell,293519023
1750509525626,83.23,0.902,buy,293519024
1750509526004,83.22,0.37,sell,293519025
1750509531356,83.22,3.164,sell,293519026
1750509532192,83.21,0.188,sell,293519027
1750509532905,83.2,0.252,sell,293519028
1750509532905,83.19,0.319,sell,293519029
1750509532905,83.18,0.342,sell,293519030
1750509532907,83.18,0.067,sell,293519031
1750509533401,83.19,0.083,buy,293519032
1750509533623,83.18,0.165,sell,293519033
1750509536102,83.18,0.752,sell,293519034
1750509536105,83.18,0.068,buy,293519035
1750509536336,83.17,0.188,sell,293519036
1750509542558,83.17,0.958,buy,293519037
1750509543104,83.16,0.13,sell,293519038
1750509543976,83.17,0.369,buy,293519039
1750509545197,83.17,0.126,buy,293519040
1750509547100,83.17,2.339,sell,293519041
1750509547899,83.18,0.191,buy,293519042
1750509550100,83.17,0.564,sell,293519043
1750509551105,83.16,0.243,sell,293519044
1750509551105,83.15,0.648,sell,293519045
1750509551404,83.16,0.841,buy,293519046
1750509552512,83.15,0.5,buy,293519047
1750509554924,83.15,1.181,buy,293519048
1750509554932,83.15,1.181,buy,293519049
1750509554943,83.15,1.181,buy,293519050
1750509554953,83.15,1.181,buy,293519051
1750509554962,83.15,1.181,buy,293519052
1750509554976,83.15,1.181,buy,293519053
1750509554982,83.15,1.181,buy,293519054
1750509554998,83.15,1.181,buy,293519055
1750509555020,83.15,1.181,buy,293519056
1750509555031,83.15,0.365,buy,293519057
1750509555313,83.16,0.942,buy,293519058
1750509555500,83.16,0.19,buy,293519059
1750509557379,83.17,0.12,buy,293519060
1750509558977,83.17,0.352,buy,293519061
1750509559242,83.17,0.373,buy,293519062
1750509559993,83.17,1.536,sell,293519063
1750509561622,83.17,0.3,sell,293519064
1750509562300,83.18,0.499,buy,293519065
1750509562891,83.19,1.679,buy,293519066
1750509563486,83.19,8.306,buy,293519067
1750509563602,83.2,0.436,buy,293519068
1750509565100,83.21,0.5,buy,293519069
1750509571826,83.21,0.444,sell,293519070
1750509575613,83.21,0.265,sell,293519071
1750509575753,83.21,0.114,sell,293519072
1750509580705,83.22,0.415,buy,293519073
1750509581592,83.22,0.189,buy,293519074
1750509582509,83.23,0.182,buy,293519075
1750509583015,83.22,7,sell,293519076
1750509588823,83.23,0.436,buy,293519077
1750509591837,83.24,0.284,buy,293519078
1750509592941,83.24,0.18,buy,293519079
1750509593693,83.24,0.39,buy,293519080
1750509596616,83.24,1,buy,293519081
1750509596831,83.24,0.36,buy,293519082
1750509597212,83.23,0.084,sell,293519083
1750509600706,83.23,0.1,sell,293519084
1750509600792,83.23,1.472,sell,293519085
1750509602380,83.24,0.289,buy,293519086
1750509602483,83.24,0.371,buy,293519087
1750509603084,83.23,1.059,sell,293519088
1750509603090,83.23,0.248,buy,293519089
1750509603367,83.23,0.611,buy,293519090
1750509604454,83.22,0.121,sell,293519091
1750509607171,83.22,0.452,buy,293519092
1750509607821,83.21,3.38,sell,293519093
1750509607900,83.21,0.615,sell,293519094
1750509609839,83.22,1.201,buy,293519095
1750509610259,83.22,0.083,buy,293519096
1750509610504,83.22,0.409,buy,293519097
1750509612498,83.22,0.189,buy,293519098
1750509615796,83.22,1.863,sell,293519099
1750509618748,83.23,0.24,buy,293519100
1750509620262,83.23,0.276,buy,293519101
1750509621253,83.22,1.616,sell,293519102
1750509621670,83.23,0.377,buy,293519103
1750509622345,83.23,0.239,buy,293519104
1750509622917,83.23,0.225,buy,293519105
1750509624030,83.23,0.334,buy,293519106
1750509624802,83.22,0.296,sell,293519107
1750509632800,83.22,0.663,sell,293519108
1750509633355,83.22,0.072,buy,293519109
1750509633850,83.22,1.343,buy,293519110
1750509633918,83.22,0.303,buy,293519111
1750509634789,83.22,0.436,buy,293519112
1750509636078,83.21,0.5,sell,293519113
1750509638478,83.22,0.444,buy,293519114
1750509639779,83.22,0.36,buy,293519115
1750509640539,83.22,0.288,buy,293519116
1750509645854,83.21,0.169,sell,293519117
1750509648687,83.21,13.133,buy,293519118
1750509648705,83.21,0.903,buy,293519119
1750509648941,83.21,0.085,buy,293519120
1750509649207,83.21,1.091,buy,293519121
1750509650442,83.21,1.357,buy,293519122
1750509651200,83.21,1.802,buy,293519123
1750509659795,83.21,0.201,buy,293519124
1750509664162,83.2,0.224,sell,293519125
1750509664880,83.19,0.121,sell,293519126
1750509665424,83.19,0.372,buy,293519127
1750509669304,83.18,0.185,sell,293519128
1750509669412,83.18,0.419,buy,293519129
1750509672028,83.18,0.24,buy,293519130
1750509673717,83.17,0.121,sell,293519131
1750509680143,83.17,0.1,buy,293519132
1750509680634,83.16,0.2,sell,293519133
1750509681542,83.17,2.053,buy,293519134
1750509682995,83.17,3.271,buy,293519135
1750509682995,83.18,1.264,buy,293519136
1750509684197,83.18,0.76,buy,293519137
1750509684451,83.18,0.436,buy,293519138
1750509685699,83.19,3.523,buy,293519139
1750509686377,83.18,3.921,sell,293519140
1750509693066,83.18,0.24,buy,293519141
1750509695131,83.18,1.81,buy,293519142
1750509700111,83.18,2.677,buy,293519143
1750509714966,83.18,4.613,buy,293519144
1750509718170,83.18,0.553,buy,293519145
1750509720949,83.17,0.334,sell,293519146
1750509720986,83.18,0.356,buy,293519147
1750509721311,83.16,0.222,sell,293519148
1750509727988,83.16,0.23,sell,293519149
1750509729021,83.17,0.147,buy,293519150
1750509731373,83.16,0.121,sell,293519151
1750509736842,83.16,0.584,buy,293519152
1750509737414,83.15,5.05,sell,293519153
1750509737416,83.15,11.76,sell,293519154
1750509737416,83.14,4.423,sell,293519155
1750509737416,83.14,17.495,sell,293519156
1750509737417,83.14,26.812,sell,293519157
1750509738534,83.14,8.726,buy,293519158
1750509739397,83.14,0.402,buy,293519159
1750509740948,83.14,0.061,buy,293519160
1750509743955,83.13,0.731,sell,293519161
1750509743964,83.12,0.249,sell,293519162
1750509744188,83.12,5.994,buy,293519163
1750509746070,83.12,0.558,buy,293519164
1750509749111,83.12,1.181,buy,293519165
1750509749113,83.12,0.025,buy,293519166
1750509750135,83.13,0.142,buy,293519167
1750509751883,83.12,0.999,sell,293519168
1750509752399,83.12,0.144,sell,293519169
1750509754309,83.13,3.97,buy,293519170
1750509756080,83.14,0.436,buy,293519171
1750509756484,83.15,0.15,buy,293519172
1750509756617,83.14,6.017,sell,293519173
1750509759600,83.15,0.132,buy,293519174
1750509760392,83.15,0.134,buy,293519175
1750509760568,83.15,0.462,buy,293519176
1750509764903,83.14,4.557,sell,293519177
1750509768705,83.15,0.12,buy,293519178
1750509769419,83.15,0.294,buy,293519179
1750509769504,83.15,0.136,buy,293519180
1750509770324,83.15,1.237,buy,293519181
1750509776892,83.15,1.202,buy,293519182
1750509777252,83.15,0.15,buy,293519183
1750509778379,83.15,1.242,buy,293519184
1750509778379,83.16,0.467,buy,293519185
1750509783550,83.16,3.996,buy,293519186
1750509785090,83.15,0.194,sell,293519187
1750509785090,83.14,3.806,sell,293519188
1750509785176,83.14,5.813,sell,293519189
1750509786541,83.13,0.281,sell,293519190
1750509787148,83.14,2,buy,293519191
1750509791634,83.14,0.134,buy,293519192
1750509793640,83.14,0.124,buy,293519193
1750509794415,83.13,0.221,sell,293519194
1750509794529,83.14,1.202,buy,293519195
1750509795295,83.14,0.126,buy,293519196
1750509797421,83.15,0.5,buy,293519197
1750509797606,83.16,6.367,buy,293519198
1750509797619,83.16,0.126,buy,293519199
1750509806094,83.17,1.181,buy,293519200
1750509807690,83.17,12.617,buy,293519201
1750509807698,83.17,0.127,buy,293519202
1750509807839,83.17,1.456,sell,293519203
1750509809604,83.17,0.127,sell,293519204
1750509813890,83.18,0.801,buy,293519205
1750509815542,83.18,2,buy,293519206
1750509815950,83.18,1.214,buy,293519207
1750509821560,83.18,0.407,buy,293519208
1750509827061,83.17,0.09,sell,293519209
1750509828234,83.17,0.442,buy,293519210
1750509830559,83.16,1.651,sell,293519211
1750509831569,83.17,0.209,buy,293519212
1750509831835,83.17,0.2,buy,293519213
1750509838414,83.17,1.498,buy,293519214
1750509838805,83.17,1.222,buy,293519215
1750509839503,83.17,1.071,buy,293519216
1750509840601,83.17,0.064,buy,293519217
1750509842536,83.17,0.669,buy,293519218
1750509843700,83.16,0.275,sell,293519219
1750509848381,83.15,44.299,sell,293519220
1750509850452,83.16,0.12,buy,293519221
1750509856270,83.16,0.39,buy,293519222
1750509860445,83.16,1.568,buy,293519223
1750509860481,83.16,0.126,sell,293519224
1750509860828,83.17,10.015,buy,293519225
1750509865766,83.17,1.009,buy,293519226
1750509867555,83.17,0.216,buy,293519227
1750509867565,83.16,0.711,sell,293519228
1750509869784,83.17,0.189,buy,293519229
1750509872271,83.17,1.179,sell,293519230
1750509879154,83.18,0.151,buy,293519231
1750509879257,83.17,0.167,sell,293519232
1750509883927,83.17,59.311,sell,293519233
1750509885258,83.17,0.815,buy,293519234
1750509891155,83.16,0.074,sell,293519235
1750509896239,83.16,0.134,sell,293519236
1750509898278,83.16,0.122,sell,293519237
1750509898300,83.16,1.51,sell,293519238
1750509898326,83.15,0.121,sell,293519239
1750509899748,83.15,0.15,buy,293519240
1750509900493,83.15,1.339,buy,293519241
1750509900733,83.14,6.022,sell,293519242
1750509906840,83.14,1.202,buy,293519243
1750509908824,83.13,0.128,sell,293519244
1750509909939,83.14,0.394,buy,293519245
1750509912823,83.14,12.022,buy,293519246
1750509912829,83.14,0.49,buy,293519247
1750509917407,83.15,0.436,buy,293519248
1750509917704,83.15,0.261,sell,293519249
1750509918412,83.16,0.186,buy,293519250
1750509924292,83.15,1.808,sell,293519251
1750509927029,83.16,23.963,buy,293519252
1750509927029,83.17,43.528,buy,293519253
1750509927967,83.17,0.357,buy,293519254
1750509931202,83.16,0.217,sell,293519255
1750509931590,83.17,0.126,buy,293519256
1750509933182,83.18,14.867,buy,293519257
1750509933182,83.19,31.811,buy,293519258
1750509933182,83.2,20.626,buy,293519259
1750509940608,83.2,1.423,buy,293519260
1750509942797,83.2,1.959,buy,293519261
1750509945206,83.2,0.188,buy,293519262
1750509948506,83.2,0.272,buy,293519263
1750509949258,83.19,0.362,sell,293519264
1750509949658,83.2,0.081,buy,293519265
1750509949827,83.2,20.405,buy,293519266
1750509949828,83.2,13.169,buy,293519267
1750509949828,83.21,8.42,buy,293519268
1750509950568,83.2,0.506,buy,293519269
1750509953383,83.2,2.314,buy,293519270
1750509955704,83.19,0.551,sell,293519271
1750509961008,83.2,1.972,buy,293519272
1750509961703,83.19,0.157,sell,293519273
1750509961840,83.19,7.089,sell,293519274
1750509961864,83.18,0.273,sell,293519275
1750509961932,83.17,1.181,sell,293519276
1750509962542,83.18,0.639,buy,293519277
1750509962959,83.18,0.104,buy,293519278
1750509963806,83.17,0.502,sell,293519279
1750509966001,83.17,0.119,sell,293519280
1750509968248,83.18,0.471,buy,293519281
1750509968959,83.18,0.576,buy,293519282
1750509969091,83.17,0.121,sell,293519283
1750509969321,83.17,0.119,sell,293519284
1750509971296,83.18,0.146,buy,293519285
1750509972202,83.17,0.121,sell,293519286
1750509972609,83.17,0.121,sell,293519287
1750509974704,83.17,3.046,sell,293519288
1750509975140,83.18,0.44,buy,293519289
1750509977578,83.18,0.702,buy,293519290
1750509985137,83.18,0.12,buy,293519291
1750509985543,83.18,0.132,buy,293519292
1750509990244,83.17,0.12,sell,293519293
1750509992454,83.17,0.08,sell,293519294
1750509996549,83.17,0.459,sell,293519295
1750509999005,83.18,0.24,buy,293519296
1750510000855,83.18,0.086,buy,293519297
1750510002579,83.18,2.244,buy,293519298
1750510004648,83.18,0.412,buy,293519299
1750510007005,83.19,0.126,buy,293519300
1750510007556,83.19,0.125,buy,293519301
1750510012952,83.19,1.181,buy,293519302
1750510013500,83.19,0.466,buy,293519303
1750510014580,83.2,0.481,buy,293519304
1750510017344,83.2,0.865,buy,293519305
1750510020775,83.2,0.52,buy,293519306
1750510021448,83.2,0.747,buy,293519307
1750510022841,83.2,0.553,buy,293519308
1750510024797,83.2,0.452,buy,293519309
1750510026232,83.2,0.432,buy,293519310
1750510032373,83.2,0.749,buy,293519311
1750510033500,83.2,0.168,buy,293519312
1750510034724,83.2,0.453,buy,293519313
1750510038154,83.19,13.03,sell,293519314
1750510038158,83.18,0.182,sell,293519315
1750510038219,83.17,1.181,sell,293519316
1750510047525,83.17,0.906,sell,293519317
1750510048101,83.18,0.669,buy,293519318
1750510048337,83.18,0.535,buy,293519319
1750510050704,83.17,0.154,sell,293519320
1750510051941,83.16,0.188,sell,293519321
1750510058771,83.15,2.435,sell,293519322
1750510061524,83.15,0.103,sell,293519323
1750510062705,83.16,1.358,buy,293519324
1750510064417,83.16,1.124,buy,293519325
1750510067839,83.16,0.089,buy,293519326
1750510068346,83.16,13.715,buy,293519327
1750510069167,83.17,0.436,buy,293519328
1750510072700,83.18,1.338,buy,293519329
1750510079965,83.18,0.361,buy,293519330
1750510080639,83.18,0.096,buy,293519331
1750510081228,83.17,6.476,sell,293519332
1750510081264,83.16,0.273,sell,293519333
1750510083398,83.15,18.256,sell,293519334
1750510083398,83.14,6.819,sell,293519335
1750510083556,83.14,1.199,sell,293519336
1750510083801,83.14,0.249,sell,293519337
1750510084701,83.13,0.252,sell,293519338
1750510084839,83.13,0.132,buy,293519339
1750510085847,83.13,0.827,buy,293519340
1750510085919,83.12,0.288,sell,293519341
1750510086500,83.11,0.252,sell,293519342
1750510087631,83.1,0.369,sell,293519343
1750510087631,83.09,101.516,sell,293519344
1750510087631,83.08,141.503,sell,293519345
1750510087631,83.07,62.963,sell,293519346
1750510087631,83.06,144.916,sell,293519347
1750510087631,83.05,322.044,sell,293519348
1750510087631,83.04,185.781,sell,293519349
1750510087634,83.06,1.059,buy,293519350
1750510087634,83.06,1.191,buy,293519351
1750510087639,83.06,18.059,sell,293519352
1750510087669,83.06,4,sell,293519353
1750510088056,83.07,0.483,buy,293519354
1750510088289,83.07,0.315,buy,293519355
1750510089842,83.08,0.182,buy,293519356
1750510094064,83.06,0.185,sell,293519357
1750510094832,83.06,0.075,buy,293519358
1750510097825,83.06,18.373,buy,293519359
1750510097825,83.06,0.063,buy,293519360
1750510097829,83.07,0.436,buy,293519361
1750510099134,83.08,1.516,buy,293519362
1750510099308,83.08,0.253,buy,293519363
1750510100001,83.09,0.132,buy,293519364
1750510101846,83.08,0.12,sell,293519365
1750510102128,83.09,0.63,buy,293519366
1750510106152,83.09,0.408,buy,293519367
1750510108061,83.08,1.202,sell,293519368
1750510108654,83.09,0.133,buy,293519369
1750510109125,83.09,0.609,buy,293519370
1750510110795,83.08,3,sell,293519371
1750510111847,83.09,0.306,buy,293519372
1750510115058,83.08,0.371,buy,293519373
1750510115259,83.08,0.75,buy,293519374
1750510115411,83.07,0.131,sell,293519375
1750510116000,83.07,0.089,sell,293519376
1750510116816,83.07,0.029,sell,293519377
1750510116863,83.06,0.279,sell,293519378
1750510118358,83.06,0.123,buy,293519379
1750510120805,83.06,0.296,buy,293519380
1750510126997,83.06,0.138,buy,293519381
1750510131567,83.05,0.336,sell,293519382
1750510132400,83.05,0.584,buy,293519383
1750510133437,83.04,0.067,sell,293519384
1750510136111,83.04,0.764,buy,293519385
1750510138692,83.04,0.126,buy,293519386
1750510139603,83.05,2.046,buy,293519387
1750510140064,83.05,0.335,buy,293519388
1750510140405,83.04,1,sell,293519389
1750510140407,83.05,0.06,buy,293519390
1750510141153,83.05,0.925,buy,293519391
1750510143501,83.04,0.09,sell,293519392
1750510145624,83.04,0.266,buy,293519393
1750510151037,83.03,0.791,sell,293519394
1750510153706,83.04,0.134,buy,293519395
1750510153802,83.04,1.464,buy,293519396
1750510154278,83.04,0.831,buy,293519397
1750510154359,83.04,0.189,buy,293519398
1750510156900,83.05,0.848,buy,293519399
1750510157414,83.06,0.323,buy,293519400
1750510157692,83.06,0.243,buy,293519401
1750510162122,83.06,0.267,sell,293519402
1750510162297,83.06,1.579,sell,293519403
1750510165792,83.07,0.626,buy,293519404
1750510166554,83.06,1.408,sell,293519405
1750510168230,83.07,0.235,buy,293519406
1750510168316,83.06,1.277,sell,293519407
1750510168457,83.07,0.126,buy,293519408
1750510169468,83.08,0.263,buy,293519409
1750510170046,83.08,0.131,buy,293519410
1750510170860,83.07,5.502,sell,293519411
1750510171330,83.08,0.741,buy,293519412
1750510171757,83.07,2.1,sell,293519413
1750510172198,83.08,0.275,buy,293519414
1750510173510,83.07,4.046,sell,293519415
1750510173510,83.06,14.454,sell,293519416
1750510173514,83.06,6.132,sell,293519417
1750510173651,83.05,0.131,sell,293519418
1750510173651,83.04,0.591,sell,293519419
1750510176703,83.05,0.134,buy,293519420
1750510180921,83.05,0.37,buy,293519421
1750510180978,83.05,4.605,buy,293519422
1750510182021,83.05,0.263,buy,293519423
1750510182801,83.04,0.8,sell,293519424
1750510185542,83.05,1.204,buy,293519425
1750510188003,83.05,0.926,buy,293519426
1750510192465,83.05,0.583,buy,293519427
1750510192879,83.05,1.84,buy,293519428
1750510194202,83.05,0.131,buy,293519429
1750510195300,83.05,0.181,buy,293519430
1750510195908,83.04,1.006,sell,293519431
1750510197507,83.05,0.075,buy,293519432
1750510200343,83.04,0.712,sell,293519433
1750510206171,83.03,0.424,sell,293519434
1750510216605,83.04,0.567,buy,293519435
1750510216610,83.04,0.393,buy,293519436
1750510217735,83.05,15.341,buy,293519437
1750510217735,83.05,3.506,buy,293519438
1750510217842,83.06,0.443,buy,293519439
1750510223731,83.06,0.488,sell,293519440
1750510228614,83.07,1.5,buy,293519441
1750510233255,83.07,0.116,buy,293519442
1750510234312,83.07,0.26,buy,293519443
1750510237791,83.06,1.047,sell,293519444
1750510237890,83.05,0.212,sell,293519445
1750510238871,83.05,4.273,buy,293519446
1750510240512,83.05,0.625,buy,293519447
1750510250792,83.05,0.187,buy,293519448
1750510250999,83.05,0.605,buy,293519449
1750510251223,83.04,0.18,sell,293519450
1750510252631,83.05,1.228,buy,293519451
1750510258592,83.05,0.373,buy,293519452
1750510263147,83.04,6.035,sell,293519453
1750510267134,83.05,0.453,buy,293519454
1750510272105,83.05,4.098,buy,293519455
1750510272627,83.04,0.822,sell,293519456
1750510273318,83.05,1.156,buy,293519457
1750510280235,83.04,0.202,buy,293519458
1750510287039,83.03,6.272,sell,293519459
1750510287583,83.02,0.313,sell,293519460
1750510292222,83.01,0.075,sell,293519461
1750510292450,83.01,0.091,sell,293519462
1750510293333,83.02,0.481,buy,293519463
1750510306282,83.02,0.42,buy,293519464
1750510307040,83.01,0.4,sell,293519465
1750510308616,83.02,6.454,buy,293519466
1750510308618,83.03,0.436,buy,293519467
1750510308643,83.04,1.768,buy,293519468
1750510309301,83.04,0.666,buy,293519469
1750510310267,83.05,0.127,buy,293519470
1750510312218,83.05,0.066,buy,293519471
1750510313712,83.05,0.68,buy,293519472
1750510320176,83.04,60.39,sell,293519473
1750510320423,83.04,1.494,sell,293519474
1750510320782,83.05,2.251,buy,293519475
1750510323408,83.05,0.164,buy,293519476
1750510336393,83.04,0.277,buy,293519477
1750510336711,83.03,0.642,sell,293519478
1750510338723,83.03,0.566,sell,293519479
1750510338738,83.03,1.328,sell,293519480
1750510338743,83.03,0.526,buy,293519481
1750510339429,83.02,0.188,sell,293519482
1750510339978,83.01,3.1,sell,293519483
1750510341227,83.02,0.075,buy,293519484
1750510345218,83.02,0.493,buy,293519485
1750510345544,83.02,0.231,buy,293519486
1750510347104,83.01,0.658,sell,293519487
1750510348155,83.01,0.111,buy,293519488
1750510349765,83,0.595,sell,293519489
1750510349765,83,0.249,sell,293519490
1750510349765,83,1.859,sell,293519491
1750510350411,83,1.142,sell,293519492
1750510350934,83,39.911,sell,293519493
1750510350938,83,8.359,sell,293519494
1750510352180,83,0.158,buy,293519495
1750510354218,83,0.345,buy,293519496
1750510356472,83,0.239,buy,293519497
1750510359555,82.99,0.187,sell,293519498
1750510360200,82.99,0.12,sell,293519499
1750510363648,83,0.837,buy,293519500
1750510363878,83,0.1,buy,293519501
1750510366404,82.99,0.131,sell,293519502
1750510366404,82.98,1.076,sell,293519503
1750510366587,82.99,0.651,buy,293519504
1750510367504,82.99,1.036,buy,293519505
1750510367877,82.99,2.681,buy,293519506
1750510368461,82.99,0.485,buy,293519507
1750510368916,82.99,0.126,buy,293519508
1750510369032,83,6.585,buy,293519509
1750510369800,83.01,0.674,buy,293519510
1750510371496,83.02,0.422,buy,293519511
1750510373400,83.02,0.567,buy,293519512
1750510374804,83.02,2.564,sell,293519513
1750510378581,83.02,1.67,sell,293519514
1750510379077,83.03,0.294,buy,293519515
1750510386314,83.03,0.737,buy,293519516
1750510387100,83.04,0.628,buy,293519517
1750510392899,83.04,0.09,sell,293519518
1750510397024,83.04,0.481,buy,293519519
1750510400700,83.03,0.185,sell,293519520
1750510401293,83.02,0.238,sell,293519521
1750510401623,83.01,0.229,sell,293519522
1750510402110,83.02,0.189,buy,293519523
1750510403630,83.02,1.502,sell,293519524
1750510405900,83.03,0.437,buy,293519525
1750510407512,83.03,5.34,sell,293519526
1750510411808,83.04,0.315,buy,293519527
1750510411847,83.04,0.082,sell,293519528
1750510412931,83.05,0.833,buy,293519529
1750510415521,83.04,0.245,sell,293519530
1750510416400,83.03,0.185,sell,293519531
1750510416571,83.02,6.007,sell,293519532
1750510417924,83.03,1.204,buy,293519533
1750510420138,83.02,0.897,buy,293519534
1750510422093,83.02,0.084,buy,293519535
1750510424882,83.01,0.131,sell,293519536
1750510424882,83,0.759,sell,293519537
1750510424902,83,0.188,sell,293519538
1750510425259,83,0.095,buy,293519539
1750510425864,83,0.745,buy,293519540
1750510430027,83,0.725,buy,293519541
1750510436595,82.99,0.348,sell,293519542
1750510437018,82.99,0.12,sell,293519543
1750510440291,83,0.293,buy,293519544
1750510440302,83,0.293,buy,293519545
1750510442478,82.99,0.238,sell,293519546
1750510444618,83,0.273,buy,293519547
1750510445979,82.99,0.138,sell,293519548
1750510446208,82.99,0.12,sell,293519549
1750510448217,82.99,1,sell,293519550
1750510449228,82.99,0.564,sell,293519551
1750510451691,82.99,0.222,sell,293519552
1750510457058,82.99,0.208,sell,293519553
1750510460689,82.99,1.793,sell,293519554
1750510464096,83,4.756,buy,293519555
1750510464120,83.01,0.436,buy,293519556
1750510464134,83.02,1.181,buy,293519557
1750510467810,83.02,2.247,buy,293519558
1750510469058,83.03,0.211,buy,293519559
1750510469723,83.03,0.44,buy,293519560
1750510472512,83.03,0.274,sell,293519561
1750510473393,83.04,0.26,buy,293519562
1750510473805,83.04,0.346,buy,293519563
1750510474312,83.03,0.218,sell,293519564
1750510474840,83.02,0.185,sell,293519565
1750510475393,83.01,0.121,sell,293519566
1750510475584,83.01,0.602,buy,293519567
1750510480255,83,0.148,sell,293519568
1750510480523,83,0.037,sell,293519569
1750510480523,82.99,0.083,sell,293519570
1750510482691,83,0.06,buy,293519571
1750510483618,83,0.264,buy,293519572
1750510483779,83.01,0.259,buy,293519573
1750510484840,83,0.111,sell,293519574
1750510487392,83,4,sell,293519575
1750510489897,83.01,0.706,buy,293519576
1750510500158,83,0.512,buy,293519577
1750510505099,82.99,0.853,sell,293519578
1750510506627,83,2.263,buy,293519579
1750510509996,83.01,0.374,buy,293519580
1750510510325,83.01,0.668,buy,293519581
1750510510325,83.02,0.969,buy,293519582
1750510510989,83.01,3.083,sell,293519583
1750510514000,83.02,0.567,buy,293519584
1750510515062,83.02,0.251,sell,293519585
1750510515544,83.02,3.1,sell,293519586
1750510516499,83.02,0.189,buy,293519587
1750510519774,83.02,3.832,sell,293519588
1750510525081,83.02,0.359,buy,293519589
1750510525256,83.02,0.126,buy,293519590
1750510526687,83.03,0.413,buy,293519591
1750510527860,83.03,3.001,buy,293519592
1750510535757,83.03,0.19,buy,293519593
1750510548301,83.04,0.217,buy,293519594
1750510548406,83.04,1.274,buy,293519595
1750510548619,83.04,0.113,buy,293519596
1750510551708,83.03,0.249,sell,293519597
1750510551805,83.03,20.255,sell,293519598
1750510551972,83.03,1.204,sell,293519599
1750510552115,83.03,20.255,sell,293519600
1750510552641,83.04,0.65,buy,293519601
1750510554158,83.03,0.934,sell,293519602
1750510554591,83.04,3.012,buy,293519603
1750510554713,83.03,0.792,sell,293519604
1750510558796,83.04,3.966,buy,293519605
1750510560501,83.04,0.468,buy,293519606
1750510561383,83.04,0.303,buy,293519607
1750510561521,83.05,0.954,buy,293519608
1750510561591,83.04,3.982,sell,293519609
1750510565260,83.05,0.783,buy,293519610
1750510565331,83.05,0.316,buy,293519611
1750510565759,83.06,0.628,buy,293519612
1750510566423,83.07,0.373,buy,293519613
1750510568942,83.06,0.92,sell,293519614
1750510579185,83.07,0.603,buy,293519615
1750510579185,83.08,0.147,buy,293519616
1750510581005,83.07,0.67,buy,293519617
1750510583210,83.07,17.451,buy,293519618
1750510584921,83.06,1.01,sell,293519619
1750510587955,83.06,0.102,sell,293519620
1750510587956,83.07,0.311,buy,293519621
1750510594923,83.06,0.297,sell,293519622
1750510600055,83.07,0.129,buy,293519623
1750510600155,83.06,0.098,sell,293519624
1750510601600,83.06,1.974,sell,293519625
1750510602792,83.05,1.426,sell,293519626
1750510602855,83.04,0.843,sell,293519627
1750510602901,83.04,1.239,sell,293519628
1750510603742,83.04,0.18,buy,293519629
1750510604171,83.04,0.071,buy,293519630
1750510606495,83.04,4.065,buy,293519631
1750510606495,83.04,20.214,buy,293519632
1750510606546,83.05,0.406,buy,293519633
1750510611528,83.06,0.446,buy,293519634
1750510612407,83.06,0.265,buy,293519635
1750510612701,83.06,0.144,buy,293519636
1750510616358,83.05,2.108,sell,293519637
1750510616362,83.05,1.363,buy,293519638
1750510617846,83.05,0.266,buy,293519639
1750510619794,83.05,0.342,buy,293519640
1750510620289,83.06,0.361,buy,293519641
1750510620835,83.06,0.264,buy,293519642
1750510620937,83.06,0.426,buy,293519643
1750510624982,83.07,0.286,buy,293519644
1750510625488,83.07,2,buy,293519645
1750510626067,83.06,1.893,sell,293519646
1750510626131,83.06,1.344,sell,293519647
1750510629627,83.06,0.437,sell,293519648
1750510634842,83.07,1.203,buy,293519649
1750510636069,83.07,1.143,buy,293519650
1750510637046,83.06,1.181,sell,293519651
1750510637048,83.06,4.465,sell,293519652
1750510637115,83.05,1.181,sell,293519653
1750510637116,83.05,0.367,sell,293519654
1750510637693,83.05,0.36,buy,293519655
1750510638101,83.04,0.933,sell,293519656
1750510639044,83.03,0.117,sell,293519657
1750510640483,83.04,0.649,buy,293519658
1750510645790,83.04,0.18,buy,293519659
1750510647064,83.04,0.757,buy,293519660
1750510648525,83.04,0.588,buy,293519661
1750510648912,83.04,0.241,buy,293519662
1750510652526,83.04,0.462,buy,293519663
1750510653089,83.03,0.062,sell,293519664
1750510653339,83.04,0.24,buy,293519665
1750510656465,83.04,0.315,buy,293519666
1750510661079,83.04,15.778,sell,293519667
1750510662057,83.04,4.98,sell,293519668
1750510662834,83.05,0.361,buy,293519669
1750510663003,83.04,0.588,sell,293519670
1750510665923,83.03,0.199,sell,293519671
1750510669324,83.04,1.082,buy,293519672
1750510669433,83.05,0.373,buy,293519673
1750510670905,83.05,0.343,sell,293519674
1750510671062,83.05,35.937,sell,293519675
1750510671063,83.06,0.436,buy,293519676
1750510671198,83.06,1.204,sell,293519677
1750510671399,83.06,30.751,sell,293519678
1750510671399,83.05,5.186,sell,293519679
1750510671500,83.05,44.019,sell,293519680
1750510671648,83.06,2.408,buy,293519681
1750510672424,83.05,0.437,sell,293519682
1750510672425,83.05,0.063,sell,293519683
1750510682480,83.05,0.375,buy,293519684
1750510684149,83.05,0.342,buy,293519685
1750510685756,83.05,8.356,sell,293519686
1750510687606,83.06,0.436,buy,293519687
1750510700558,83.07,0.217,buy,293519688
1750510706213,83.06,0.577,sell,293519689
1750510708069,83.07,2.576,buy,293519690
1750510709496,83.07,0.571,buy,293519691
1750510710031,83.06,0.359,sell,293519692
1750510713813,83.05,3.994,sell,293519693
1750510714258,83.06,1.024,buy,293519694
1750510714402,83.06,0.584,buy,293519695
1750510715462,83.06,0.504,buy,293519696
1750510719855,83.06,0.088,buy,293519697
1750510723599,83.06,0.367,buy,293519698
1750510724817,83.05,2.561,sell,293519699
1750510730329,83.04,6.024,sell,293519700
1750510730331,83.04,0.126,sell,293519701
1750510732927,83.04,0.273,buy,293519702
1750510735952,83.04,0.252,buy,293519703
1750510738322,83.05,0.85,buy,293519704
1750510749137,83.05,0.473,buy,293519705
1750510753297,83.05,0.273,buy,293519706
1750510754243,83.05,0.216,buy,293519707
1750510754628,83.04,5.021,sell,293519708
1750510756764,83.04,0.368,sell,293519709
1750510759818,83.05,0.132,buy,293519710
1750510763045,83.05,0.685,buy,293519711
1750510764842,83.05,2.731,buy,293519712
1750510766687,83.05,0.714,buy,293519713
1750510766875,83.04,1.151,sell,293519714
1750510771343,83.05,0.351,buy,293519715
1750510778061,83.04,0.12,sell,293519720
1750510781242,83.05,1.553,buy,293519721
1750510783694,83.04,0.091,sell,293519722
1750510787478,83.04,0.09,sell,293519723
1750510789044,83.05,1,buy,293519724
1750510791580,83.04,6.049,sell,293519725
1750510792298,83.03,15.712,sell,293519726
1750510795462,83.03,0.81,buy,293519727
1750510804364,83.02,10.8,sell,293519728
1750510805679,83.03,1.163,buy,293519729
1750510808742,83.03,0.15,buy,293519730
1750510810188,83.03,0.943,buy,293519731
1750510812479,83.03,0.463,buy,293519732
1750510814396,83.03,2.694,buy,293519733
1750510814517,83.04,0.561,buy,293519734
1750510814670,83.05,0.436,buy,293519735
1750510816479,83.05,0.123,sell,293519736
1750510818296,83.06,0.133,buy,293519737
1750510819046,83.05,0.189,sell,293519738
1750510820417,83.04,24.507,sell,293519739
1750510820417,83.03,34.371,sell,293519740
1750510821231,83.03,0.121,sell,293519741
1750510822299,83.04,0.121,buy,293519742
1750510825078,83.03,0.522,sell,293519743
1750510831051,83.04,0.075,buy,293519744
1750510831110,83.03,0.768,sell,293519745
1750510832506,83.04,0.29,buy,293519746
1750510832966,83.04,0.193,buy,293519747
1750510833255,83.04,0.239,buy,293519748
1750510834312,83.03,0.369,sell,293519749
1750510834760,83.03,1.818,sell,293519750
1750510836667,83.04,0.375,buy,293519751
1750510837423,83.04,10.431,buy,293519752
1750510837428,83.05,0.436,buy,293519753
1750510840783,83.05,0.252,sell,293519754
1750510846755,83.04,0.143,sell,293519755
1750510846991,83.05,0.188,buy,293519756
1750510850678,83.05,0.318,buy,293519757
1750510851068,83.04,1.972,sell,293519758
1750510856054,83.04,0.427,buy,293519759
1750510856204,83.03,0.382,sell,293519760
1750510861177,83.03,1,buy,293519761
1750510864813,83.02,3,sell,293519762
1750510867035,83.03,0.121,buy,293519763
1750510867409,83.03,1.501,buy,293519764
1750510871825,83.02,0.952,sell,293519765
1750510872175,83.02,0.504,buy,293519766
1750510872748,83.02,0.285,buy,293519767
1750510874942,83.02,0.281,buy,293519768
1750510876829,83.02,0.504,buy,293519769
1750510878058,83.02,0.12,buy,293519770
1750510882504,83.02,0.313,buy,293519771
1750510882787,83.02,0.361,buy,293519772
1750510886040,83.02,0.351,buy,293519773
1750510890208,83.01,0.3,sell,293519774
1750510890553,83.02,0.073,buy,293519775
1750510895715,83.01,1.079,sell,293519776
1750510896562,83.01,0.189,sell,293519777
1750510897201,83,1.169,sell,293519778
1750510897739,83,0.394,buy,293519779
1750510900169,83,0.415,buy,293519780
1750510903113,83.01,0.415,buy,293519781
1750510908119,83,0.315,sell,293519782
1750510910899,82.99,0.308,sell,293519783
1750510911696,83,1.602,buy,293519784
1750510912203,83,1.35,buy,293519785
1750510912241,83.01,4.545,buy,293519786
1750510912316,83.02,3.543,buy,293519787
1750510912800,83.02,0.561,buy,293519788
1750510913000,83.03,1.099,buy,293519789
1750510913019,83.04,1.181,buy,293519790
1750510914366,83.04,0.482,buy,293519791
1750510914369,83.04,0.085,buy,293519792
1750510919418,83.04,9.146,sell,293519793
1750510919988,83.05,0.164,buy,293519794
1750510929488,83.05,1.324,buy,293519795
1750510935442,83.05,0.275,sell,293519796
1750510939493,83.06,0.566,buy,293519797
1750510941080,83.06,0.252,buy,293519798
1750510946005,83.06,0.517,sell,293519799
1750510948755,83.07,0.088,buy,293519800
1750510950193,83.06,0.13,sell,293519801
1750510951217,83.07,0.479,buy,293519802
1750510953898,83.08,0.567,buy,293519803
1750510954346,83.09,0.18,buy,293519804
1750510955038,83.08,2.328,sell,293519805
1750510959911,83.08,0.389,sell,293519806
1750510964402,83.09,0.265,buy,293519807
1750510964644,83.08,7.2,sell,293519808
1750510972665,83.08,0.313,sell,293519809
1750510983434,83.09,1.659,buy,293519810
1750510983738,83.1,0.301,buy,293519811
1750510987326,83.1,0.441,buy,293519812
1750510987578,83.1,0.208,buy,293519813
1750510989583,83.09,0.135,sell,293519814
1750510994300,83.1,0.433,buy,293519815
1750510994302,83.1,0.126,buy,293519816
1750510995066,83.11,0.997,buy,293519817
1750510996924,83.11,0.567,buy,293519818
1750510997266,83.11,0.111,sell,293519819
1750510998943,83.12,1.44,buy,293519820
1750511000742,83.12,0.457,buy,293519821
1750511002804,83.12,0.075,buy,293519822
1750511005369,83.12,0.252,buy,293519823
1750511008093,83.13,0.153,buy,293519824
1750511008170,83.12,0.252,sell,293519825
1750511008479,83.12,1.197,buy,293519826
1750511010351,83.11,0.151,sell,293519827
1750511011203,83.12,0.361,buy,293519828
1750511013015,83.12,0.15,buy,293519829
1750511013200,83.11,0.437,sell,293519830
1750511015735,83.11,0.125,buy,293519831
1750511016006,83.1,0.436,sell,293519832
1750511016050,83.1,0.613,buy,293519833
1750511016725,83.1,0.273,buy,293519834
1750511017314,83.09,0.374,sell,293519835
1750511018478,83.1,0.829,buy,293519836
1750511019417,83.1,1.209,buy,293519837
1750511021426,83.1,0.539,buy,293519838
1750511021758,83.1,2.346,sell,293519839
1750511021948,83.11,2.607,buy,293519840
1750511025421,83.11,0.29,buy,293519841
1750511029363,83.11,0.493,buy,293519842
1750511030339,83.11,1.203,buy,293519843
1750511030796,83.11,0.665,buy,293519844
1750511031403,83.11,0.743,buy,293519845
1750511035248,83.11,0.904,buy,293519846
1750511039304,83.11,0.252,buy,293519847
1750511047278,83.12,0.108,buy,293519848
1750511053037,83.11,0.6,sell,293519849
1750511054142,83.12,2.405,buy,293519850
1750511056545,83.12,0.313,buy,293519851
1750511057600,83.12,2.1,buy,293519852
1750511057706,83.11,0.29,sell,293519853
1750511058287,83.12,0.254,buy,293519854
1750511062811,83.13,0.125,buy,293519855
1750511068155,83.13,0.235,buy,293519856
1750511074700,83.12,0.528,sell,293519857
1750511074787,83.12,0.084,buy,293519858
1750511075016,83.12,8.734,buy,293519859
1750511079636,83.11,0.266,sell,293519860
1750511079903,83.12,0.603,buy,293519861
1750511080255,83.11,0.084,sell,293519862
1750511085292,83.12,0.073,buy,293519863
1750511088037,83.12,1.03,buy,293519864
1750511088037,83.12,0.056,buy,293519865
1750511090023,83.13,0.324,buy,293519866
1750511095427,83.13,25.726,buy,293519867
1750511097301,83.13,0.134,buy,293519868
1750511097758,83.13,2.093,buy,293519869
1750511105610,83.13,1.499,buy,293519870
1750511108339,83.13,12.025,buy,293519871
1750511108970,83.13,0.198,buy,293519872
1750511114832,83.12,0.386,sell,293519873
1750511116679,83.12,0.385,sell,293519874
1750511117667,83.13,0.084,buy,293519875
1750511119618,83.12,0.85,sell,293519876
1750511122571,83.13,0.189,buy,293519877
1750511122958,83.14,0.307,buy,293519878
1750511128487,83.14,0.907,buy,293519879
1750511128487,83.15,0.425,buy,293519880
1750511131784,83.14,3.996,sell,293519881
1750511135630,83.14,0.926,sell,293519882
1750511135907,83.15,1.197,buy,293519883
1750511136400,83.14,0.578,sell,293519884
1750511140351,83.13,0.436,sell,293519885
1750511140857,83.12,1.685,sell,293519886
1750511146684,83.13,0.723,buy,293519887
1750511149297,83.13,1.152,buy,293519888
1750511149812,83.12,16.875,sell,293519889
1750511149819,83.12,0.636,sell,293519890
1750511149916,83.11,1.181,sell,293519891
1750511151511,83.12,1.26,buy,293519892
1750511153925,83.12,0.777,buy,293519893
1750511154901,83.12,0.82,buy,293519894
1750511158254,83.12,0.63,buy,293519895
1750511161470,83.12,3.91,buy,293519896
1750511162124,83.12,0.554,buy,293519897
1750511165976,83.11,0.252,sell,293519898
1750511166601,83.1,0.446,sell,293519899
1750511167716,83.09,10,sell,293519900
1750511172694,83.09,0.074,sell,293519901
1750511176869,83.1,3.603,buy,293519902
1750511180023,83.1,0.15,buy,293519903
1750511187557,83.1,0.208,buy,293519904
1750511188055,83.1,0.201,buy,293519905
1750511193634,83.09,0.245,sell,293519906
1750511194026,83.1,0.128,buy,293519907
1750511196468,83.1,38.475,buy,293519908
1750511196468,83.11,17.574,buy,293519909
1750511199200,83.11,0.571,buy,293519910
1750511199955,83.11,0.103,sell,293519911
1750511204491,83.12,9.079,buy,293519912
1750511206678,83.11,0.224,sell,293519913
1750511206847,83.12,0.06,buy,293519914
1750511210580,83.11,1.802,sell,293519915
1750511212274,83.11,0.657,sell,293519916
1750511216463,83.12,7.547,buy,293519917
1750511217527,83.12,0.075,buy,293519918
1750511217793,83.12,0.189,buy,293519919
1750511218933,83.12,0.254,buy,293519920
1750511226205,83.12,0.173,buy,293519921
1750511226599,83.12,13.79,buy,293519922
1750511226657,83.13,0.658,buy,293519923
1750511230500,83.12,0.246,sell,293519924
1750511230660,83.11,0.6,sell,293519925
1750511234434,83.11,0.162,sell,293519926
1750511234565,83.11,2.09,sell,293519927
1750511234700,83.11,4.646,sell,293519928
1750511235105,83.1,0.249,sell,293519929
1750511241200,83.1,0.12,buy,293519930
1750511243199,83.1,0.719,buy,293519931
1750511243199,83.11,0.205,buy,293519932
1750511245106,83.11,0.415,buy,293519933
1750511245668,83.11,0.373,buy,293519934
1750511246393,83.11,1.547,sell,293519935
1750511246714,83.11,9.891,sell,293519936
1750511247439,83.12,0.481,buy,293519937
1750511248517,83.11,1.03,sell,293519938
1750511251364,83.11,0.135,sell,293519939
1750511256278,83.11,0.756,buy,293519940
1750511256620,83.1,0.119,sell,293519941
1750511259049,83.1,0.293,sell,293519942
1750511259354,83.11,0.308,buy,293519943
1750511266217,83.12,69.795,buy,293519944
1750511266217,83.13,25.819,buy,293519945
1750511266802,83.13,0.12,buy,293519946
1750511267187,83.12,0.505,sell,293519947
1750511278117,83.13,6.055,buy,293519948
1750511280718,83.13,0.481,buy,293519949
1750511281081,83.13,0.352,buy,293519950
1750511281941,83.12,4.212,sell,293519951
1750511282139,83.13,0.384,buy,293519952
1750511284496,83.13,16.935,buy,293519953
1750511284496,83.14,43.207,buy,293519954
1750511284666,83.14,0.252,buy,293519955
1750511289399,83.14,23.623,sell,293519956
1750511289407,83.13,0.121,sell,293519957
1750511289547,83.12,0.721,sell,293519958
1750511290372,83.12,12.215,sell,293519959
1750511290375,83.11,0.188,sell,293519960
1750511291700,83.11,5.05,buy,293519961
1750511296704,83.11,0.798,buy,293519962
1750511299961,83.11,0.256,buy,293519963
1750511303233,83.11,6.82,buy,293519964
1750511303234,83.11,0.056,buy,293519965
1750511303639,83.11,0.137,sell,293519966
1750511304549,83.12,0.5,buy,293519967
1750511304549,83.13,0.904,buy,293519968
1750511308055,83.13,0.091,buy,293519969
1750511308420,83.13,2.405,buy,293519970
1750511308583,83.12,1.26,sell,293519971
1750511314179,83.12,0.886,buy,293519972
1750511316900,83.12,0.441,buy,293519973
1750511319555,83.12,0.12,buy,293519974
1750511319655,83.11,0.084,sell,293519975
1750511320737,83.12,0.195,buy,293519976
1750511322142,83.12,0.277,buy,293519977
1750511324511,83.12,0.277,buy,293519978
1750511328806,83.12,0.536,buy,293519979
1750511336234,83.12,0.192,buy,293519980
1750511337702,83.12,0.276,buy,293519981
1750511339161,83.12,0.277,buy,293519982
1750511339783,83.12,0.269,buy,293519983
1750511340478,83.12,0.632,buy,293519984
1750511342425,83.12,0.394,buy,293519985
1750511343564,83.12,0.452,buy,293519986
1750511343600,83.11,0.264,sell,293519987
1750511343972,83.11,3.181,sell,293519988
1750511343978,83.11,1.997,buy,293519989
1750511344002,83.1,0.249,sell,293519990
1750511344300,83.09,0.252,sell,293519991
1750511345005,83.08,0.914,sell,293519992
1750511345007,83.07,0.188,sell,293519993
1750511348715,83.07,1.259,buy,293519994
1750511349200,83.06,0.252,sell,293519995
1750511349536,83.05,0.922,sell,293519996
1750511349546,83.04,0.34,sell,293519997
1750511351124,83.04,7.492,buy,293519998
1750511352213,83.03,0.188,sell,293519999
1750511355100,83.02,0.252,sell,293520000
1750511355533,83.02,0.283,buy,293520001
1750511359218,83.03,0.169,buy,293520002
1750511369003,83.02,0.15,sell,293520003
1750511373372,83.03,0.673,buy,293520004
1750511373606,83.04,0.436,buy,293520005
1750511378292,83.05,0.181,buy,293520006
1750511378295,83.05,0.241,buy,293520007
1750511384463,83.05,0.436,buy,293520008
1750511387438,83.06,0.5,buy,293520009
1750511390100,83.07,0.567,buy,293520010
1750511390332,83.08,0.628,buy,293520011
1750511391151,83.09,0.436,buy,293520012
1750511391600,83.09,0.064,sell,293520013
1750511391829,83.08,0.367,sell,293520014
1750511394034,83.09,0.457,buy,293520015
1750511394787,83.09,0.445,buy,293520016
1750511395047,83.09,0.386,buy,293520017
1750511396068,83.09,0.553,buy,293520018
1750511396068,83.1,0.186,buy,293520019
1750511407266,83.08,1.829,sell,293520020
1750511407353,83.09,1.79,buy,293520021
1750511409827,83.09,0.469,buy,293520022
1750511410415,83.09,0.262,buy,293520023
1750511411289,83.1,0.247,buy,293520024
1750511412373,83.1,0.413,buy,293520025
1750511413304,83.09,0.601,buy,293520026
1750511414264,83.09,0.252,buy,293520027
1750511415106,83.1,0.413,buy,293520028
1750511416992,83.1,0.144,buy,293520029
1750511421190,83.09,0.741,buy,293520030
1750511422599,83.09,1.704,buy,293520031
1750511432855,83.09,0.158,buy,293520032
1750511433873,83.09,0.154,buy,293520033
1750511434006,83.09,0.079,buy,293520034
1750511434025,83.09,0.231,buy,293520035
1750511436650,83.09,0.175,buy,293520036
1750511440072,83.08,3.008,sell,293520037
1750511440075,83.08,0.185,sell,293520038
1750511442762,83.07,0.188,sell,293520039
1750511446536,83.06,0.154,sell,293520040
1750511447798,83.07,0.063,buy,293520041
1750511448592,83.06,6.975,sell,293520042
1750511450300,83.06,0.064,sell,293520043
1750511450542,83.06,0.119,buy,293520044
1750511453526,83.05,0.188,sell,293520045
1750511454696,83.05,1.203,buy,293520046
1750511456401,83.04,0.252,sell,293520047
1750511457937,83.03,0.604,sell,293520048
1750511461712,83.04,0.396,buy,293520049
1750511463442,83.05,0.75,buy,293520050
1750511464419,83.04,0.809,sell,293520051
1750511465200,83.04,0.665,sell,293520052
1750511466028,83.03,0.616,sell,293520053
1750511466173,83.03,0.437,buy,293520054
1750511475705,83.02,0.287,sell,293520055
1750511476542,83.03,57.003,buy,293520056
1750511477093,83.03,0.185,buy,293520057
1750511477969,83.02,6.342,sell,293520058
1750511478349,83.03,0.493,buy,293520059
1750511478716,83.02,2.269,sell,293520060
1750511486379,83.03,1.33,buy,293520061
1750511486380,83.03,0.061,buy,293520062
1750511486579,83.04,0.561,buy,293520063
1750511486800,83.05,0.567,buy,293520064
1750511488500,83.06,0.584,buy,293520065
1750511488502,83.06,0.048,buy,293520066
1750511492778,83.07,0.33,buy,293520067
1750511495163,83.06,3.899,sell,293520068
1750511495226,83.05,0.121,sell,293520069
1750511499322,83.05,0.26,buy,293520070
1750511499568,83.05,0.382,buy,293520071
1750511503487,83.04,2,sell,293520072
1750511504482,83.05,0.255,buy,293520073
1750511505582,83.05,1.216,buy,293520074
1750511505690,83.04,1.575,sell,293520075
1750511505696,83.05,0.249,buy,293520076
1750511509601,83.05,1.093,buy,293520077
1750511510054,83.05,0.441,buy,293520078
1750511511639,83.05,2.552,buy,293520079
1750511513812,83.05,0.242,buy,293520080
1750511515303,83.05,0.879,buy,293520081
1750511519756,83.05,0.198,buy,293520082
1750511521753,83.05,0.181,buy,293520083
1750511522706,83.05,2.521,buy,293520084
1750511525141,83.05,0.293,buy,293520085
1750511525700,83.05,0.242,buy,293520086
1750511526086,83.05,4.898,buy,293520087
1750511526255,83.06,0.436,buy,293520088
1750511530711,83.07,0.969,buy,293520089
1750511531704,83.07,1.341,buy,293520090
1750511533317,83.06,6.022,sell,293520091
1750511533356,83.05,0.12,sell,293520092
1750511533706,83.06,1.426,buy,293520093
1750511536659,83.06,0.125,buy,293520094
1750511541817,83.05,3.343,sell,293520095
1750511545827,83.06,0.75,buy,293520096
1750511548155,83.06,0.091,buy,293520097
1750511548156,83.05,0.082,sell,293520098
1750511548346,83.06,0.252,buy,293520099
1750511549966,83.06,0.075,buy,293520100
1750511554511,83.06,0.48,buy,293520101
1750511554733,83.06,0.248,buy,293520102
1750511558652,83.05,0.096,sell,293520103
1750511561055,83.06,0.108,buy,293520104
1750511561229,83.06,0.369,buy,293520105
1750511561529,83.05,0.147,sell,293520106
1750511567583,83.05,3.077,sell,293520107
1750511567597,83.04,0.188,sell,293520108
1750511568705,83.03,0.18,sell,293520109
1750511571332,83.03,0.368,sell,293520110
1750511574955,83.03,0.188,sell,293520111
1750511575798,83.03,0.12,buy,293520112
1750511576324,83.02,0.18,sell,293520113
1750511577350,83.02,0.188,sell,293520114
1750511586004,83.01,0.592,sell,293520115
1750511588704,83.02,0.741,buy,293520116
1750511594578,83.02,0.427,buy,293520117
1750511594892,83.02,7.475,buy,293520118
1750511595834,83.02,0.181,buy,293520119
1750511596997,83.02,0.096,buy,293520120
1750511603154,83.01,0.315,buy,293520121
1750511605657,83.02,0.517,buy,293520122
1750511607578,83.02,0.12,buy,293520123
1750511607721,83.02,0.258,buy,293520124
1750511609235,83.01,1.344,sell,293520125
1750511609266,83.02,0.302,buy,293520126
1750511609735,83.01,0.24,sell,293520127
1750511609976,83.01,1.894,sell,293520128
1750511610455,83.02,5.543,buy,293520129
1750511610778,83.02,1.358,buy,293520130
1750511610778,83.03,0.708,buy,293520131
1750511613595,83.03,0.366,buy,293520132
1750511615418,83.02,0.101,sell,293520133
1750511617452,83.02,0.118,sell,293520134
1750511619412,83.01,0.072,sell,293520135
1750511620204,83.01,0.121,sell,293520136
1750511621899,83,0.843,sell,293520137
1750511628206,83.01,0.361,buy,293520138
1750511631910,83.01,1.068,buy,293520139
1750511635287,83,1.069,sell,293520140
1750511640691,83,0.549,sell,293520141
1750511640919,83,0.18,sell,293520142
1750511641156,83.01,0.252,buy,293520143
1750511641594,83.02,0.12,buy,293520144
1750511648367,83.02,0.485,buy,293520145
1750511650302,83.02,0.181,buy,293520146
1750511650809,83.02,0.126,buy,293520147
1750511654993,83.01,0.171,sell,293520148
1750511657725,83.01,17.971,sell,293520149
1750511657725,83,32.117,sell,293520150
1750511659403,83.01,0.271,buy,293520151
1750511660099,83.01,0.252,buy,293520152
1750511660389,83.01,0.572,buy,293520153
1750511660390,83.01,0.169,buy,293520154
1750511664618,83.02,0.361,buy,293520155
1750511668866,83.01,4.3,sell,293520156
1750511670010,83.02,0.898,buy,293520157
1750511670118,83.03,0.567,buy,293520158
1750511670126,83.03,0.155,sell,293520159
1750511670308,83.03,0.517,sell,293520160
1750511672317,83.04,0.68,buy,293520161
1750511674093,83.03,0.858,sell,293520162
1750511679071,83.04,0.751,buy,293520163
1750511679955,83.03,0.145,sell,293520164
1750511680749,83.04,1.611,buy,293520165
1750511687439,83.04,3.596,sell,293520166
1750511688917,83.04,0.154,sell,293520167
1750511689252,83.05,0.3,buy,293520168
1750511689253,83.05,0.377,buy,293520169
1750511689256,83.05,2.408,sell,293520170
1750511689256,83.05,5.64,sell,293520171
1750511689256,83.05,1.033,sell,293520172
1750511689256,83.05,2.408,sell,293520173
1750511690967,83.05,1.178,sell,293520174
1750511691100,83.06,0.567,buy,293520175
1750511691702,83.07,0.424,buy,293520176
1750511695085,83.06,0.206,sell,293520177
1750511696561,83.07,3.178,buy,293520178
1750511696569,83.07,0.272,buy,293520179
1750511697139,83.08,3.514,buy,293520180
1750511697500,83.08,0.253,buy,293520181
1750511699434,83.09,3,buy,293520182
1750511700128,83.09,4.474,buy,293520183
1750511700254,83.1,0.932,buy,293520184
1750511700296,83.1,0.126,buy,293520185
1750511701205,83.11,0.234,buy,293520186
1750511702326,83.11,0.41,buy,293520187
1750511703475,83.11,0.801,buy,293520188
1750511706600,83.09,0.185,sell,293520189
1750511708413,83.09,0.558,buy,293520190
1750511708758,83.08,5.414,sell,293520191
1750511708936,83.08,0.971,sell,293520192
1750511708987,83.08,2.654,sell,293520193
1750511709762,83.09,0.479,buy,293520194
1750511715832,83.08,0.064,sell,293520195
1750511719405,83.08,0.264,buy,293520196
1750511725169,83.08,0.437,buy,293520197
1750511727227,83.08,12.036,buy,293520198
1750511730282,83.07,0.257,sell,293520199
1750511732120,83.07,1.578,sell,293520200
1750511733625,83.08,9,buy,293520201
1750511737821,83.07,2.927,sell,293520202
1750511738795,83.08,0.479,buy,293520203
1750511740751,83.07,0.121,sell,293520204
1750511741050,83.07,19.272,buy,293520205
1750511741384,83.06,0.188,sell,293520206
1750511741455,83.05,0.214,sell,293520207
1750511746627,83.06,0.902,buy,293520208
1750511747745,83.06,0.338,sell,293520209
1750511747975,83.06,0.138,sell,293520210
1750511747998,83.07,0.715,buy,293520211
1750511748246,83.08,0.436,buy,293520212
1750511751089,83.09,6.014,buy,293520213
1750511752106,83.09,1.369,buy,293520214
1750511753230,83.09,0.323,buy,293520215
1750511758597,83.09,0.413,buy,293520216
1750511759343,83.08,6.081,sell,293520217
1750511759355,83.07,0.121,sell,293520218
1750511759497,83.07,3.609,buy,293520219
1750511759700,83.06,0.252,sell,293520220
1750511760678,83.06,1.223,buy,293520221
1750511762400,83.05,0.303,sell,293520222
1750511764767,83.05,0.252,buy,293520223
1750511765070,83.05,0.175,sell,293520224
1750511765116,83.06,11.948,buy,293520225
1750511765179,83.06,0.108,buy,293520226
1750511765401,83.06,0.647,buy,293520227
1750511773335,83.06,0.623,buy,293520228
1750511773821,83.05,0.721,sell,293520229
1750511773829,83.05,0.761,sell,293520230
1750511775703,83.05,2.716,buy,293520231
1750511776083,83.05,0.974,buy,293520232
1750511776300,83.04,0.309,sell,293520233
1750511777642,83.04,0.084,buy,293520234
1750511777764,83.04,0.404,buy,293520235
1750511779686,83.05,4.214,buy,293520236
1750511780390,83.05,0.901,buy,293520237
1750511783056,83.03,0.31,sell,293520238
1750511783434,83.04,1.029,buy,293520239
1750511783601,83.03,0.252,sell,293520240
1750511784491,83.03,0.275,buy,293520241
1750511784532,83.03,0.189,buy,293520242
1750511787666,83.04,0.67,buy,293520243
1750511787805,83.04,0.272,buy,293520244
1750511789053,83.04,0.11,buy,293520245
1750511789987,83.03,0.154,sell,293520246
1750511791239,83.04,0.134,buy,293520247
1750511791488,83.03,0.927,sell,293520248
1750511794935,83.04,2.416,buy,293520249
1750511794935,83.05,16.5,buy,293520250
1750511794960,83.05,0.189,buy,293520251
1750511795104,83.06,0.537,buy,293520252
1750511798093,83.05,0.658,sell,293520253
1750511799051,83.06,0.793,buy,293520254
1750511799051,83.07,11.908,buy,293520255
1750511799051,83.08,10.036,buy,293520256
1750511801672,83.07,1.265,sell,293520257
1750511801877,83.08,0.315,buy,293520258
1750511802350,83.09,1.088,buy,293520259
1750511803266,83.09,2.191,buy,293520260
1750511805828,83.09,0.38,buy,293520261
1750511808186,83.09,1.485,sell,293520262
1750511809752,83.1,0.567,buy,293520263
