timestamp,price,quantity,side,tradeId
1750514400282,82.72,0.4,sell,293522100
1750514401006,82.72,0.168,sell,293522101
1750514401428,82.71,0.106,sell,293522102
1750514402461,82.72,25.556,buy,293522103
1750514402463,82.72,0.127,buy,293522104
1750514403415,82.72,0.252,buy,293522105
1750514403965,82.73,21.061,buy,293522106
1750514403965,82.73,11.756,buy,293522107
1750514404153,82.73,0.779,sell,293522108
1750514404223,82.74,0.274,buy,293522109
1750514405743,82.74,0.289,buy,293522110
1750514405813,82.75,0.537,buy,293522111
1750514408418,82.74,1.013,buy,293522112
1750514410094,82.73,0.094,sell,293522113
1750514410860,82.74,0.06,buy,293522114
1750514411027,82.73,0.988,sell,293522115
1750514412056,82.73,0.122,sell,293522116
1750514414104,82.72,0.485,sell,293522117
1750514419707,82.72,0.27,sell,293522118
1750514420213,82.72,0.242,sell,293522119
1750514422443,82.72,5.36,buy,293522120
1750514422682,82.73,0.122,buy,293522121
1750514423806,82.72,0.674,sell,293522122
1750514425056,82.72,0.122,sell,293522123
1750514430624,82.73,0.937,buy,293522124
1750514433754,82.72,0.131,sell,293522125
1750514433755,82.73,0.064,buy,293522126
1750514433755,82.74,0.171,buy,293522127
1750514435095,82.73,0.092,sell,293522128
1750514436600,82.73,0.064,buy,293522129
1750514441148,82.74,0.61,buy,293522130
1750514445104,82.74,0.326,buy,293522131
1750514447657,82.74,10.161,buy,293522132
1750514448100,82.74,0.121,sell,293522133
1750514448355,82.74,0.134,sell,293522134
1750514448563,82.75,0.121,buy,293522135
1750514452280,82.75,1.346,buy,293522136
1750514453453,82.75,4.194,sell,293522137
1750514453557,82.74,0.212,sell,293522138
1750514453850,82.73,0.122,sell,293522139
1750514455218,82.73,0.736,buy,293522140
1750514455448,82.72,0.301,sell,293522141
1750514456092,82.73,0.145,buy,293522142
1750514458299,82.73,15.255,buy,293522143
1750514459353,82.73,0.97,buy,293522144
1750514460600,82.73,0.064,buy,293522145
1750514460857,82.74,1.03,buy,293522146
1750514461627,82.74,0.122,buy,293522147
1750514463855,82.74,0.136,sell,293522148
1750514464321,82.73,1.192,sell,293522149
1750514466574,82.74,0.112,buy,293522150
1750514472579,82.74,0.149,buy,293522151
1750514472662,82.73,0.122,sell,293522152
1750514472940,82.73,0.426,buy,293522153
1750514476239,82.73,0.871,buy,293522154
1750514476239,82.74,5.172,buy,293522155
1750514478429,82.74,0.122,buy,293522156
1750514479030,82.75,0.479,buy,293522157
1750514479307,82.75,0.096,buy,293522158
1750514480055,82.73,0.122,sell,293522159
1750514484378,82.73,5.283,sell,293522160
1750514486579,82.73,0.193,buy,293522161
1750514487076,82.72,1.181,sell,293522162
1750514487100,82.72,1.181,sell,293522163
1750514487103,82.72,3.954,sell,293522164
1750514487133,82.71,0.28,sell,293522165
1750514487216,82.7,1.181,sell,293522166
1750514487784,82.71,0.604,buy,293522167
1750514490278,82.71,2.153,buy,293522168
1750514490284,82.71,0.073,buy,293522169
1750514492163,82.72,0.06,buy,293522170
1750514492678,82.72,0.181,buy,293522171
1750514493202,82.71,0.158,sell,293522172
1750514494231,82.71,0.243,buy,293522173
1750514499317,82.71,5.574,buy,293522174
1750514499690,82.71,0.072,buy,293522175
1750514501417,82.7,0.859,sell,293522176
1750514501434,82.69,0.28,sell,293522177
1750514501922,82.68,0.311,sell,293522178
1750514502402,82.67,0.189,sell,293522179
1750514503742,82.67,0.377,buy,293522180
1750514505621,82.66,0.332,sell,293522181
1750514507062,82.66,0.31,buy,293522182
1750514513600,82.67,0.186,buy,293522183
1750514514371,82.68,0.122,buy,293522184
1750514514800,82.69,0.186,buy,293522185
1750514515533,82.7,11.525,buy,293522186
1750514515825,82.71,0.122,buy,293522187
1750514517025,82.72,1.181,buy,293522188
1750514518222,82.72,0.443,buy,293522189
1750514522639,82.7,0.186,sell,293522190
1750514523417,82.69,0.122,sell,293522191
1750514524457,82.69,0.415,buy,293522192
1750514526907,82.68,0.186,sell,293522193
1750514527311,82.68,0.309,buy,293522194
1750514527903,82.68,0.133,buy,293522195
1750514530523,82.68,0.72,buy,293522196
1750514530728,82.69,0.122,buy,293522197
1750514530800,82.7,0.186,buy,293522198
1750514531025,82.71,0.464,buy,293522199
1750514532343,82.69,0.186,sell,293522200
1750514532802,82.68,0.122,sell,293522201
1750514532936,82.68,0.57,buy,293522202
1750514534884,82.68,0.228,buy,293522203
1750514536980,82.69,0.673,buy,293522204
1750514538921,82.68,6.11,sell,293522205
1750514539097,82.67,0.189,sell,293522206
1750514540964,82.66,0.189,sell,293522207
1750514543918,82.65,1.149,sell,293522208
1750514543948,82.65,5.153,sell,293522209
1750514544844,82.64,0.311,sell,293522210
1750514545040,82.64,0.141,buy,293522211
1750514545414,82.63,0.189,sell,293522212
1750514552078,82.63,0.064,sell,293522213
1750514552137,82.62,1.181,sell,293522214
1750514552390,82.62,12.167,sell,293522215
1750514553141,82.62,0.064,sell,293522216
1750514553141,82.61,1.117,sell,293522217
1750514553900,82.61,0.146,sell,293522218
1750514554243,82.62,0.739,buy,293522219
1750514555338,82.63,0.262,buy,293522220
1750514555700,82.63,0.186,buy,293522221
1750514556145,82.64,0.122,buy,293522222
1750514560429,82.64,0.114,buy,293522223
1750514562978,82.64,0.274,buy,293522224
1750514562979,82.64,0.329,buy,293522225
1750514564100,82.65,0.186,buy,293522226
1750514564654,82.65,1.936,sell,293522227
1750514566602,82.65,0.064,buy,293522228
1750514566828,82.66,0.122,buy,293522229
1750514566936,82.67,0.186,buy,293522230
1750514567301,82.68,0.189,buy,293522231
1750514568725,82.67,0.122,sell,293522232
1750514570376,82.66,0.186,sell,293522233
1750514576488,82.66,0.247,buy,293522234
1750514577612,82.67,4.838,buy,293522235
1750514577900,82.67,0.064,buy,293522236
1750514579103,82.67,0.064,buy,293522237
1750514579103,82.68,0.05,buy,293522238
1750514580103,82.68,21.166,buy,293522239
1750514580106,82.69,0.213,buy,293522240
1750514580219,82.7,1.181,buy,293522241
1750514580602,82.7,0.064,buy,293522242
1750514580665,82.71,0.09,buy,293522243
1750514581141,82.71,1.181,buy,293522244
1750514581220,82.71,1.181,buy,293522245
1750514581751,82.71,8.705,buy,293522246
1750514581752,82.72,0.317,buy,293522247
1750514581755,82.73,0.067,buy,293522248
1750514585879,82.72,0.121,buy,293522249
1750514589300,82.73,0.253,buy,293522250
1750514590686,82.72,0.122,sell,293522251
1750514596400,82.72,0.07,buy,293522252
1750514596539,82.73,0.226,buy,293522253
1750514597900,82.73,0.064,buy,293522254
1750514598712,82.74,0.448,buy,293522255
1750514598794,82.73,2.801,sell,293522256
1750514601580,82.72,0.122,sell,293522257
1750514601685,82.71,0.122,sell,293522258
1750514602086,82.7,0.183,sell,293522259
1750514602616,82.69,0.122,sell,293522260
1750514606703,82.69,0.172,buy,293522261
1750514606833,82.7,0.151,buy,293522262
1750514611803,82.7,0.148,buy,293522263
1750514611803,82.7,0.419,buy,293522264
1750514611842,82.7,2,buy,293522265
1750514614400,82.7,0.064,buy,293522266
1750514614488,82.71,0.28,buy,293522267
1750514614966,82.72,0.977,buy,293522268
1750514617000,82.72,0.064,buy,293522269
1750514617550,82.73,0.122,buy,293522270
1750514626073,82.73,0.233,buy,293522271
1750514627644,82.73,0.071,buy,293522272
1750514628520,82.73,0.103,sell,293522273
1750514633175,82.74,30.369,buy,293522274
1750514633175,82.74,22.613,buy,293522275
1750514633179,82.75,0.279,buy,293522276
1750514634803,82.76,0.252,buy,293522277
1750514634852,82.76,0.336,sell,293522278
1750514637365,82.77,0.164,buy,293522279
1750514639324,82.77,0.749,buy,293522280
1750514640793,82.77,0.756,buy,293522281
1750514640923,82.77,2.663,buy,293522282
1750514641390,82.77,0.241,buy,293522283
1750514641820,82.76,0.362,sell,293522284
1750514644877,82.78,1.672,buy,293522285
1750514645642,82.79,4.898,buy,293522286
1750514645647,82.79,1.181,buy,293522287
1750514645952,82.79,1.543,buy,293522288
1750514645966,82.8,0.249,buy,293522289
1750514646022,82.81,1.181,buy,293522290
1750514648140,82.81,0.144,buy,293522291
1750514648159,82.81,0.277,buy,293522292
1750514648168,82.81,0.072,buy,293522293
1750514648246,82.81,6.037,buy,293522294
1750514648261,82.81,0.289,buy,293522295
1750514648263,82.81,0.156,buy,293522296
1750514648268,82.81,0.072,buy,293522297
1750514655000,82.81,0.418,buy,293522298
1750514655630,82.8,0.099,sell,293522299
1750514657969,82.81,0.315,buy,293522300
1750514658109,82.81,1.618,buy,293522301
1750514658131,82.81,26.252,buy,293522302
1750514658220,82.82,1.181,buy,293522303
1750514660687,82.81,0.4,sell,293522304
1750514661466,82.82,0.109,buy,293522305
1750514661821,82.82,0.069,buy,293522306
1750514662594,82.81,3.397,sell,293522307
1750514662720,82.82,8.806,buy,293522308
1750514662734,82.83,0.188,buy,293522309
1750514663235,82.84,0.192,buy,293522310
1750514663235,82.85,11.596,buy,293522311
1750514663271,82.86,0.219,buy,293522312
1750514663317,82.87,1.181,buy,293522313
1750514664212,82.87,0.072,buy,293522314
1750514665484,82.86,2.774,sell,293522315
1750514665514,82.86,0.5,sell,293522316
1750514665896,82.86,1,sell,293522317
1750514668355,82.87,0.13,buy,293522318
1750514668508,82.87,3.116,buy,293522319
1750514668521,82.87,0.155,buy,293522320
1750514668534,82.87,0.238,buy,293522321
1750514668679,82.87,0.064,buy,293522322
1750514668680,82.88,0.189,buy,293522323
1750514668700,82.89,0.064,buy,293522324
1750514668780,82.9,11.505,buy,293522325
1750514668780,82.91,25.707,buy,293522326
1750514668783,82.92,20.492,buy,293522327
1750514668802,82.93,0.599,buy,293522328
1750514668817,82.93,1.181,buy,293522329
1750514668972,82.92,0.3,sell,293522330
1750514669301,82.94,0.599,buy,293522331
1750514669803,82.94,0.599,buy,293522332
1750514670304,82.94,0.599,buy,293522333
1750514670630,82.93,10,sell,293522334
1750514670805,82.94,0.064,buy,293522335
1750514670805,82.95,0.535,buy,293522336
1750514670936,82.94,26.794,sell,293522337
1750514671583,82.94,0.315,buy,293522338
1750514673499,82.95,0.314,buy,293522339
1750514673522,82.94,0.5,sell,293522340
1750514674597,82.95,0.484,buy,293522341
1750514674665,82.94,1.683,sell,293522342
1750514674667,82.93,0.121,sell,293522343
1750514675156,82.93,0.084,buy,293522344
1750514677431,82.92,0.4,sell,293522345
1750514679990,82.93,0.376,buy,293522346
1750514681455,82.93,0.13,buy,293522347
1750514681555,82.92,0.142,sell,293522348
1750514682215,82.92,0.6,sell,293522349
1750514683093,82.93,3.133,buy,293522350
1750514683107,82.93,0.222,buy,293522351
1750514683126,82.93,0.189,buy,293522352
1750514684445,82.94,0.379,buy,293522353
1750514685524,82.95,0.636,buy,293522354
1750514685525,82.95,0.231,buy,293522355
1750514685682,82.95,0.6,sell,293522356
1750514686400,82.96,0.289,buy,293522357
1750514686642,82.96,0.74,buy,293522358
1750514687129,82.96,1.208,buy,293522359
1750514690359,82.95,4.638,sell,293522360
1750514690819,82.95,12.056,sell,293522361
1750514690819,82.94,1.804,sell,293522362
1750514690993,82.94,0.5,sell,293522363
1750514691866,82.95,0.137,buy,293522364
1750514692001,82.95,0.698,buy,293522365
1750514692404,82.95,0.572,sell,293522366
1750514693648,82.96,1.138,buy,293522367
1750514693648,82.97,0.879,buy,293522368
1750514693651,82.97,0.067,buy,293522369
1750514696056,82.96,0.5,sell,293522370
1750514696130,82.97,0.122,buy,293522371
1750514696240,82.97,0.315,buy,293522372
1750514698335,82.97,2.406,sell,293522373
1750514700474,82.97,0.5,sell,293522374
1750514702378,82.98,0.332,buy,293522375
1750514703399,82.98,0.241,buy,293522376
1750514704254,82.97,0.252,buy,293522377
1750514704479,82.97,0.5,sell,293522378
1750514706878,82.98,0.241,buy,293522379
1750514711232,82.97,0.6,sell,293522380
1750514713996,82.97,0.252,buy,293522381
1750514714502,82.98,2,buy,293522382
1750514715105,82.97,0.6,sell,293522383
1750514718573,82.97,0.5,sell,293522384
1750514722253,82.97,0.5,sell,293522385
1750514726767,82.98,0.273,buy,293522386
1750514726836,82.97,0.822,sell,293522387
1750514726857,82.96,0.283,sell,293522388
1750514726971,82.96,0.602,buy,293522389
1750514727320,82.95,0.7,sell,293522390
1750514731358,82.95,0.5,sell,293522391
1750514732429,82.96,12.04,buy,293522392
1750514732562,82.96,0.963,buy,293522393
1750514733023,82.96,0.63,buy,293522394
1750514734154,82.95,8.851,sell,293522395
1750514734599,82.94,0.5,sell,293522396
1750514738641,82.94,0.5,sell,293522397
1750514739259,82.94,0.102,sell,293522398
1750514739683,82.94,1.565,sell,293522399
1750514740769,82.95,0.568,buy,293522400
1750514742097,82.94,0.5,sell,293522401
1750514745735,82.95,0.418,buy,293522402
1750514747023,82.95,0.133,buy,293522403
1750514748555,82.94,0.8,sell,293522404
1750514750324,82.94,0.241,sell,293522405
1750514750901,82.95,0.615,buy,293522406
1750514754333,82.95,0.496,buy,293522407
1750514754718,82.94,0.7,sell,293522408
1750514755508,82.95,1.938,buy,293522409
1750514756579,82.96,0.437,buy,293522410
1750514757800,82.96,0.6,sell,293522411
1750514760259,82.97,0.657,buy,293522412
1750514760259,82.98,0.555,buy,293522413
1750514761616,82.98,2.253,buy,293522414
1750514763600,82.97,0.322,sell,293522415
1750514766203,82.98,0.447,buy,293522416
1750514769330,82.97,0.602,buy,293522417
1750514769500,82.96,0.064,sell,293522418
1750514769501,82.96,0.304,buy,293522419
1750514769814,82.95,0.188,sell,293522420
1750514771416,82.95,0.252,buy,293522421
1750514776256,82.95,0.328,buy,293522422
1750514777732,82.95,1.044,buy,293522423
1750514781512,82.94,0.27,sell,293522424
1750514782031,82.94,3.941,sell,293522425
1750514782841,82.94,9.763,sell,293522426
1750514782844,82.93,21.109,sell,293522427
1750514782845,82.93,15.818,sell,293522428
1750514782924,82.92,1.181,sell,293522429
1750514783006,82.93,0.121,buy,293522430
1750514783303,82.93,0.204,buy,293522431
1750514783384,82.92,0.188,sell,293522432
1750514784700,82.91,0.252,sell,293522433
1750514787293,82.91,0.123,buy,293522434
1750514788255,82.91,0.164,buy,293522435
1750514790340,82.9,0.677,sell,293522436
1750514792342,82.91,0.241,buy,293522437
1750514792765,82.9,0.361,sell,293522438
1750514794079,82.91,0.083,buy,293522439
1750514799016,82.9,0.411,sell,293522440
1750514800242,82.9,0.631,sell,293522441
1750514800554,82.9,0.22,sell,293522442
1750514800599,82.91,0.282,buy,293522443
1750514802036,82.91,0.327,buy,293522444
1750514804386,82.91,0.943,buy,293522445
1750514808824,82.9,3.978,sell,293522446
1750514811544,82.9,13.08,buy,293522447
1750514812776,82.89,0.188,sell,293522448
1750514818501,82.89,0.087,buy,293522449
1750514819558,82.88,15.252,sell,293522450
1750514821685,82.88,1.179,buy,293522451
1750514822280,82.87,0.188,sell,293522452
1750514822549,82.87,0.25,buy,293522453
1750514822789,82.87,0.164,buy,293522454
1750514822958,82.87,1.186,buy,293522455
1750514823444,82.86,5.591,sell,293522456
1750514823511,82.85,0.158,sell,293522457
1750514824500,82.84,0.252,sell,293522458
1750514824831,82.83,0.075,sell,293522459
1750514826242,82.84,0.639,buy,293522460
1750514827738,82.84,0.278,buy,293522461
1750514832105,82.83,0.188,sell,293522462
1750514833767,82.83,0.231,buy,293522463
1750514834028,82.83,2.414,buy,293522464
1750514836865,82.83,0.362,buy,293522465
1750514837544,82.82,15.614,sell,293522466
1750514837996,82.81,0.188,sell,293522467
1750514839274,82.81,165.429,buy,293522468
1750514839274,82.82,90.322,buy,293522469
1750514839274,82.83,55.793,buy,293522470
1750514839274,82.84,128.525,buy,293522471
1750514839274,82.85,115.641,buy,293522472
1750514839274,82.86,206.938,buy,293522473
1750514839274,82.87,220.81,buy,293522474
1750514839274,82.88,205.151,buy,293522475
1750514839274,82.89,111.171,buy,293522476
1750514839274,82.9,47.025,buy,293522477
1750514839274,82.91,116.204,buy,293522478
1750514839274,82.92,126.923,buy,293522479
1750514839274,82.93,72.936,buy,293522480
1750514839274,82.94,41.433,buy,293522481
1750514839274,82.95,66.177,buy,293522482
1750514839274,82.96,75.471,buy,293522483
1750514839274,82.97,270.594,buy,293522484
1750514839274,82.98,207.452,buy,293522485
1750514839274,82.99,288.648,buy,293522486
1750514839274,83,72.156,buy,293522487
1750514839274,83.01,154.253,buy,293522488
1750514839274,83.02,58.728,buy,293522489
1750514839274,83.03,101.927,buy,293522490
1750514839274,83.04,123.6,buy,293522491
1750514839274,83.05,49.182,buy,293522492
1750514839274,83.06,507.372,buy,293522493
1750514839274,83.07,17.15,buy,293522494
1750514839274,83.08,38.459,buy,293522495
1750514839274,83.09,18.141,buy,293522496
1750514839274,83.1,77.629,buy,293522497
1750514839274,83.11,47.101,buy,293522498
1750514839274,83.12,18.048,buy,293522499
1750514839274,83.13,40.456,buy,293522500
1750514839274,83.14,63.767,buy,293522501
1750514839274,83.15,17.557,buy,293522502
1750514839274,83.16,31.097,buy,293522503
1750514839274,83.17,40.38,buy,293522504
1750514839274,83.18,49.3,buy,293522505
1750514839274,83.19,528.296,buy,293522506
1750514839279,82.85,0.067,buy,293522507
1750514839280,82.84,0.291,sell,293522508
1750514839280,82.85,4.274,buy,293522509
1750514839281,82.88,5.738,buy,293522510
1750514839281,82.89,0.673,buy,293522511
1750514839281,82.88,5.738,buy,293522512
1750514839281,82.89,0.673,buy,293522513
1750514839281,82.84,3.465,sell,293522514
1750514839281,82.89,2.048,buy,293522515
1750514839281,82.95,9.657,buy,293522516
1750514839281,82.93,3.617,buy,293522517
1750514839281,82.95,0.731,buy,293522518
1750514839281,82.99,7.382,buy,293522519
1750514839281,82.99,2.638,buy,293522520
1750514839281,83.01,9.065,buy,293522521
1750514839281,83.01,2.185,buy,293522522
1750514839281,83.02,9.52,buy,293522523
1750514839282,83.02,0.5,buy,293522524
1750514839282,83.06,12.117,buy,293522525
1750514839283,83.06,8.437,buy,293522526
1750514839284,83.07,4.561,buy,293522527
1750514839284,83.07,2.326,buy,293522528
1750514839284,83.05,2.363,buy,293522529
1750514839284,83.01,1.061,sell,293522530
1750514839284,83.05,6.039,buy,293522531
1750514839285,83.01,1.061,sell,293522532
1750514839285,83.01,1.061,sell,293522533
1750514839285,83.03,12.06,buy,293522534
1750514839285,83.01,8.538,sell,293522535
1750514839285,83.01,8.538,sell,293522536
1750514839285,83.03,7.25,buy,293522537
1750514839285,83.03,4.221,buy,293522538
1750514839285,83.05,12.659,buy,293522539
1750514839285,83.01,5.883,sell,293522540
1750514839285,83.01,0.014,sell,293522541
1750514839285,83.02,12.06,buy,293522542
1750514839286,83,0.375,sell,293522543
1750514839286,83,2.216,sell,293522544
1750514839286,83,1.569,sell,293522545
1750514839286,83,2.18,sell,293522546
1750514839286,83,4.072,sell,293522547
1750514839286,82.99,4.457,sell,293522548
1750514839286,82.99,1.446,sell,293522549
1750514839287,82.99,2.842,sell,293522550
1750514839287,82.98,2.842,sell,293522551
1750514839287,82.98,7.57,sell,293522552
1750514839287,82.97,0.959,sell,293522553
1750514839287,82.97,1.446,sell,293522554
1750514839287,82.97,0.964,sell,293522555
1750514839287,82.97,2.372,sell,293522556
1750514839287,83.01,0.302,buy,293522557
1750514839287,83.01,0.709,buy,293522558
1750514839287,83.02,2.268,buy,293522559
1750514839287,83.04,9.073,buy,293522560
1750514839287,83.02,2.451,sell,293522561
1750514839287,82.97,1.63,sell,293522562
1750514839287,82.97,2.228,sell,293522563
1750514839288,83,0.121,sell,293522564
1750514839288,82.99,2.228,sell,293522565
1750514839288,82.99,1.204,sell,293522566
1750514839288,83,2.451,sell,293522567
1750514839289,82.98,1.321,sell,293522568
1750514839289,83.01,6.835,buy,293522569
1750514839289,83.02,4.878,buy,293522570
1750514839289,82.98,8.595,sell,293522571
1750514839289,82.97,5.295,sell,293522572
1750514839290,82.97,2.041,sell,293522573
1750514839292,82.99,1.205,sell,293522574
1750514839292,82.99,3.725,sell,293522575
1750514839294,82.99,5.883,sell,293522576
1750514839294,82.99,5.883,sell,293522577
1750514839294,82.99,5.883,sell,293522578
1750514839295,82.99,16.261,sell,293522579
1750514839295,82.99,0.965,sell,293522580
1750514839299,82.98,12.517,sell,293522581
1750514839299,82.97,8.009,sell,293522582
1750514839300,82.98,9.98,sell,293522583
1750514839300,82.97,12.561,sell,293522584
1750514839301,82.97,0.02,sell,293522585
1750514839301,82.96,0.525,sell,293522586
1750514839304,82.97,3.546,buy,293522587
1750514839306,82.96,46.766,sell,293522588
1750514839307,82.95,11.013,sell,293522589
1750514839307,82.94,49.358,sell,293522590
1750514839308,82.96,3.458,sell,293522591
1750514839309,82.96,1.5,sell,293522592
1750514839309,82.95,11.118,sell,293522593
1750514839309,82.94,29.373,sell,293522594
1750514839309,82.96,4,sell,293522595
1750514839310,82.96,6.119,sell,293522596
1750514839310,82.96,5.872,sell,293522597
1750514839316,82.95,0.064,sell,293522598
1750514839316,82.94,8.298,sell,293522599
1750514839316,82.93,11.84,sell,293522600
1750514839318,82.93,62.67,buy,293522601
1750514839318,82.93,0.189,buy,293522602
1750514839321,82.94,1.39,buy,293522603
1750514839323,82.95,2.515,buy,293522604
1750514839323,82.96,19.306,buy,293522605
1750514839326,82.96,3.648,sell,293522606
1750514839336,82.97,12.227,buy,293522607
1750514839336,82.98,1.035,buy,293522608
1750514839338,82.97,0.245,sell,293522609
1750514839340,82.97,35.65,sell,293522610
1750514839344,82.96,4.946,sell,293522611
1750514839350,82.96,10.668,sell,293522612
1750514839352,82.96,9.916,sell,293522613
1750514839352,82.95,0.185,sell,293522614
1750514839353,82.95,9.916,sell,293522615
1750514839353,82.94,4,sell,293522616
1750514839354,82.97,17.168,buy,293522617
1750514839354,82.98,48.646,buy,293522618
1750514839354,82.99,22.901,buy,293522619
1750514839354,83,11.536,buy,293522620
1750514839357,83,4.89,sell,293522621
1750514839357,82.98,4.958,sell,293522622
1750514839357,82.98,4.958,sell,293522623
1750514839357,82.97,13.947,sell,293522624
1750514839357,83,8.698,sell,293522625
1750514839357,82.98,4.958,sell,293522626
1750514839358,82.96,0.337,sell,293522627
1750514839358,82.98,1.209,sell,293522628
1750514839358,82.98,3.749,sell,293522629
1750514839359,82.98,4.958,sell,293522630
1750514839359,82.98,4.958,sell,293522631
1750514839359,82.99,13.006,buy,293522632
1750514839359,83,9.267,buy,293522633
1750514839360,82.98,4.958,sell,293522634
1750514839360,82.98,1.672,sell,293522635
1750514839360,82.98,4.958,sell,293522636
1750514839361,82.98,5.021,sell,293522637
1750514839361,82.98,5.084,sell,293522638
1750514839362,82.97,9.988,sell,293522639
1750514839362,82.98,1.505,buy,293522640
1750514839362,82.99,3.453,buy,293522641
1750514839363,82.98,5.021,sell,293522642
1750514839363,82.97,4.967,sell,293522643
1750514839363,82.97,5.138,sell,293522644
1750514839363,82.96,24.688,sell,293522645
1750514839364,82.99,0.189,buy,293522646
1750514839364,82.99,4.958,sell,293522647
1750514839364,82.99,4.958,sell,293522648
1750514839365,82.99,3.873,sell,293522649
1750514839365,82.98,1.202,sell,293522650
1750514839366,82.99,2.309,sell,293522651
1750514839366,82.98,1.51,sell,293522652
1750514839366,82.98,3.819,sell,293522653
1750514839366,82.99,3.819,sell,293522654
1750514839367,82.99,1.166,sell,293522655
1750514839367,82.98,1.451,sell,293522656
1750514839368,82.98,3.633,sell,293522657
1750514839368,82.98,4.958,sell,293522658
1750514839368,82.98,4.166,sell,293522659
1750514839368,82.98,0.792,sell,293522660
1750514839369,82.98,4.958,sell,293522661
1750514839370,82.98,0.063,sell,293522662
1750514839370,82.98,4.958,sell,293522663
1750514839370,82.97,4.958,sell,293522664
1750514839370,82.98,0.126,sell,293522665
1750514839370,82.97,5.021,sell,293522666
1750514839375,82.96,10.042,sell,293522667
1750514839375,82.96,0.063,sell,293522668
1750514839379,82.96,9.011,sell,293522669
1750514839396,82.95,5.803,sell,293522670
1750514839396,82.95,20.265,sell,293522671
1750514839410,82.96,6.948,buy,293522672
1750514839415,82.96,7.151,buy,293522673
1750514839467,82.96,7.152,buy,293522674
1750514839468,82.96,16,buy,293522675
1750514839555,82.95,7.12,sell,293522676
1750514839557,82.95,7.12,sell,293522677
1750514839567,82.95,10.12,sell,293522678
1750514839567,82.95,10.12,sell,293522679
1750514839567,82.95,10.12,sell,293522680
1750514839580,82.95,7.12,sell,293522681
1750514839595,82.96,4.842,buy,293522682
1750514839745,82.96,4.549,buy,293522683
1750514839791,82.95,7.12,sell,293522684
1750514839804,82.95,10.12,sell,293522685
1750514839892,82.95,77.872,sell,293522686
1750514839893,82.95,0.255,sell,293522687
1750514839915,82.95,37.866,buy,293522688
1750514839916,82.95,0.063,buy,293522689
1750514839918,82.95,23.733,sell,293522690
1750514839919,82.95,0.381,sell,293522691
1750514840000,82.94,0.628,sell,293522692
1750514840060,82.93,43.63,sell,293522693
1750514840067,82.92,31.176,sell,293522694
1750514840101,82.92,0.189,buy,293522695
1750514840115,82.92,35.598,sell,293522696
1750514840118,82.92,11.441,sell,293522697
1750514840119,82.92,12.055,sell,293522698
1750514840121,82.92,0.318,sell,293522699
1750514840142,82.91,125.898,sell,293522700
1750514840144,82.91,0.063,sell,293522701
1750514840222,82.9,29.761,sell,293522702
1750514840228,82.9,11.504,sell,293522703
1750514840234,82.9,11.376,sell,293522704
1750514840237,82.9,11.441,sell,293522705
1750514840254,82.9,11.504,sell,293522706
1750514840255,82.9,0.127,sell,293522707
1750514840262,82.9,5.368,buy,293522708
1750514840263,82.9,0.127,buy,293522709
1750514840335,82.91,16.875,buy,293522710
1750514840335,82.91,3.283,buy,293522711
1750514840336,82.91,10.977,buy,293522712
1750514840337,82.91,0.255,buy,293522713
1750514840365,82.91,42.82,sell,293522714
1750514840368,82.91,20.886,sell,293522715
1750514840369,82.91,12.055,sell,293522716
1750514840523,82.9,0.122,sell,293522717
1750514840742,82.91,5.898,buy,293522718
1750514840742,82.91,11.628,buy,293522719
1750514840744,82.91,0.127,buy,293522720
1750514840746,82.91,23.884,sell,293522721
1750514840748,82.91,45.259,sell,293522722
1750514840749,82.91,10.539,sell,293522723
1750514840872,82.91,4.279,sell,293522724
1750514841171,82.91,15.986,sell,293522725
1750514841172,82.91,0.127,sell,293522726
1750514841230,82.9,41.425,sell,293522727
1750514841231,82.9,0.063,sell,293522728
1750514842087,82.89,0.269,sell,293522729
1750514842301,82.9,10.506,buy,293522730
1750514842592,82.91,0.471,buy,293522731
1750514843023,82.9,90.064,sell,293522732
1750514843031,82.9,11.568,sell,293522733
1750514843132,82.89,1.497,sell,293522734
1750514843291,82.9,12.19,buy,293522735
1750514843291,82.9,0.064,buy,293522736
1750514847189,82.91,12.465,buy,293522737
1750514847304,82.91,5,sell,293522738
1750514850611,82.92,2.194,buy,293522739
1750514850877,82.92,6.21,buy,293522740
1750514850877,82.92,0.057,buy,293522741
1750514851100,82.93,0.502,buy,293522742
1750514853415,82.93,0.265,sell,293522743
1750514853616,82.94,0.376,buy,293522744
1750514859959,82.94,0.252,buy,293522745
1750514860743,82.93,0.118,sell,293522746
1750514863997,82.94,0.925,buy,293522747
1750514867777,82.94,0.694,buy,293522748
1750514867793,82.94,23.452,buy,293522749
1750514867793,82.94,0.064,buy,293522750
1750514868084,82.95,3.091,buy,293522751
1750514868904,82.95,1.181,sell,293522752
1750514868914,82.95,0.631,sell,293522753
1750514868917,82.95,4.594,sell,293522754
1750514868917,82.94,0.406,sell,293522755
1750514869122,82.95,0.502,buy,293522756
1750514881003,82.95,0.083,buy,293522757
1750514881019,82.94,1.181,sell,293522758
1750514881032,82.94,17.692,sell,293522759
1750514881034,82.93,29.146,sell,293522760
1750514881117,82.92,1.181,sell,293522761
1750514881907,82.93,0.241,buy,293522762
1750514882422,82.92,0.361,sell,293522763
1750514884439,82.93,0.47,buy,293522764
1750514886797,82.92,1.181,sell,293522765
1750514886801,82.92,27.553,sell,293522766
1750514886802,82.92,0.063,sell,293522767
1750514886916,82.91,1.181,sell,293522768
1750514887500,82.91,0.379,sell,293522769
1750514893500,82.91,0.154,buy,293522770
1750514894892,82.92,2.254,buy,293522771
1750514894941,82.91,6.544,sell,293522772
1750514899806,82.92,1.362,buy,293522773
1750514903290,82.91,1.791,sell,293522774
1750514903323,82.91,6.028,buy,293522775
1750514903583,82.9,0.503,sell,293522776
1750514903870,82.9,25.565,buy,293522777
1750514903918,82.91,1.181,buy,293522778
1750514903944,82.91,22.038,buy,293522779
1750514904043,82.91,4.163,buy,293522780
1750514904168,82.91,0.192,buy,293522781
1750514904168,82.92,0.411,buy,293522782
1750514907792,82.92,0.537,buy,293522783
1750514908055,82.92,0.109,buy,293522784
1750514910217,82.92,0.139,buy,293522785
1750514910266,82.92,1.094,buy,293522786
1750514910433,82.92,0.146,buy,293522787
1750514913322,82.91,7.102,sell,293522788
1750514913325,82.91,0.063,sell,293522789
1750514913332,82.91,0.697,buy,293522790
1750514913700,82.9,0.628,sell,293522791
1750514914800,82.89,1.181,sell,293522792
1750514914816,82.89,1.181,sell,293522793
1750514915877,82.89,1.71,sell,293522794
1750514915901,82.89,1.181,sell,293522795
1750514916111,82.89,34.147,sell,293522796
1750514916112,82.89,0.063,sell,293522797
1750514916229,82.88,0.878,sell,293522798
1750514916229,82.87,0.303,sell,293522799
1750514920431,82.88,0.444,buy,293522800
1750514927288,82.88,12.063,sell,293522801
1750514928212,82.89,0.121,buy,293522802
1750514928999,82.89,18.582,sell,293522803
1750514931299,82.9,0.607,buy,293522804
1750514931863,82.89,0.44,sell,293522805
1750514934186,82.89,2.926,buy,293522806
1750514936025,82.9,3.11,buy,293522807
1750514942658,82.9,0.252,buy,293522808
1750514942804,82.9,6.029,buy,293522809
1750514944000,82.9,0.278,buy,293522810
1750514944278,82.91,0.245,buy,293522811
1750514945605,82.91,0.257,buy,293522812
1750514953516,82.91,0.258,buy,293522813
1750514954004,82.91,0.256,buy,293522814
1750514955012,82.91,1.664,buy,293522815
1750514956445,82.91,0.462,buy,293522816
1750514960380,82.91,15.154,buy,293522817
1750514961155,82.92,0.188,buy,293522818
1750514961434,82.93,1.236,buy,293522819
1750514962210,82.93,15.058,buy,293522820
1750514962210,82.94,7.445,buy,293522821
1750514962315,82.95,1.181,buy,293522822
1750514964861,82.95,5.943,buy,293522823
1750514965291,82.95,0.191,buy,293522824
1750514966500,82.95,0.064,buy,293522825
1750514967100,82.96,0.252,buy,293522826
1750514970606,82.96,0.675,sell,293522827
1750514972667,82.97,0.863,buy,293522828
1750514973100,82.97,0.064,buy,293522829
1750514978306,82.97,0.252,sell,293522830
1750514978554,82.97,0.09,buy,293522831
1750514982244,82.97,1.377,buy,293522832
1750514983401,82.96,6.462,sell,293522833
1750514983500,82.96,0.19,sell,293522834
1750514983512,82.95,0.436,sell,293522835
1750514985503,82.95,0.124,buy,293522836
1750514991209,82.94,0.19,sell,293522837
1750514991509,82.94,0.373,sell,293522838
1750514994287,82.94,0.483,buy,293522839
1750514995606,82.94,0.482,buy,293522840
1750514999107,82.93,2,sell,293522841
1750514999985,82.93,0.436,sell,293522842
1750515000700,82.92,6.54,sell,293522843
1750515000800,82.92,0.182,sell,293522844
1750515006707,82.91,0.503,sell,293522845
1750515008233,82.91,1.206,buy,293522846
1750515008890,82.91,0.442,buy,293522847
1750515010787,82.91,0.337,buy,293522848
1750515014642,82.91,0.357,buy,293522849
1750515019472,82.9,0.599,sell,293522850
1750515019847,82.9,20.37,sell,293522851
1750515019847,82.89,46.512,sell,293522852
1750515020303,82.9,0.749,buy,293522853
1750515022202,82.9,0.241,buy,293522854
1750515022631,82.89,0.361,sell,293522855
1750515023703,82.89,0.343,sell,293522856
1750515024042,82.9,0.336,buy,293522857
1750515024048,82.9,0.796,buy,293522858
1750515026172,82.9,0.385,buy,293522859
1750515026195,82.9,0.09,sell,293522860
1750515026677,82.9,0.602,sell,293522861
1750515029355,82.9,0.252,sell,293522862
1750515030348,82.9,0.384,buy,293522863
1750515031700,82.89,0.437,sell,293522864
1750515032140,82.89,0.395,buy,293522865
1750515032656,82.88,0.118,sell,293522866
1750515035136,82.88,0.385,sell,293522867
1750515036301,82.87,0.567,sell,293522868
1750515036538,82.86,0.503,sell,293522869
1750515041033,82.86,0.12,buy,293522870
1750515041600,82.85,0.793,sell,293522871
1750515042314,82.84,0.503,sell,293522872
1750515044642,82.84,1.375,buy,293522873
1750515045555,82.83,0.164,sell,293522874
1750515045700,82.83,0.403,sell,293522875
1750515048596,82.83,0.323,buy,293522876
1750515049154,82.83,0.362,buy,293522877
1750515049212,82.83,20.635,buy,293522878
1750515049355,82.84,0.064,buy,293522879
1750515049450,82.84,0.169,sell,293522880
1750515049696,82.84,0.12,sell,293522881
1750515049811,82.85,1.939,buy,293522882
1750515049939,82.84,0.121,sell,293522883
1750515051054,82.85,0.751,buy,293522884
1750515052692,82.85,0.365,buy,293522885
1750515053121,82.84,0.252,sell,293522886
1750515054668,82.84,0.307,buy,293522887
1750515057131,82.84,0.259,buy,293522888
1750515059153,82.83,0.143,sell,293522889
1750515059201,82.84,0.253,buy,293522890
1750515060366,82.84,0.258,buy,293522891
1750515060490,82.84,0.091,buy,293522892
1750515060682,82.85,0.258,buy,293522893
1750515060943,82.86,0.271,buy,293522894
1750515063102,82.86,4.464,sell,293522895
1750515064803,82.86,0.316,sell,293522896
1750515069348,82.85,0.112,sell,293522897
1750515074316,82.86,0.843,buy,293522898
1750515075695,82.85,0.129,sell,293522899
1750515075923,82.86,0.25,buy,293522900
1750515075925,82.85,0.963,sell,293522901
1750515076189,82.85,0.239,sell,293522902
1750515076527,82.85,0.076,sell,293522903
1750515076877,82.85,0.602,sell,293522904
1750515077443,82.85,2.066,sell,293522905
1750515077768,82.85,1.231,sell,293522906
1750515078213,82.86,0.06,buy,293522907
1750515079076,82.85,0.189,sell,293522908
1750515081936,82.85,0.752,buy,293522909
1750515082921,82.84,0.567,sell,293522910
1750515083403,82.84,0.365,buy,293522911
1750515084246,82.84,5.183,buy,293522912
1750515084246,82.84,0.644,buy,293522913
1750515085089,82.85,0.1,buy,293522914
1750515087458,82.84,0.252,sell,293522915
1750515087461,82.84,16.589,buy,293522916
1750515089032,82.83,0.298,sell,293522917
1750515091686,82.82,16.908,sell,293522918
1750515091830,82.82,1.89,sell,293522919
1750515095053,82.82,0.626,sell,293522920
1750515096391,82.82,0.504,sell,293522921
1750515099911,82.83,0.457,buy,293522922
1750515100068,82.83,1.207,buy,293522923
1750515100127,82.82,0.12,sell,293522924
1750515100355,82.82,0.12,sell,293522925
1750515100884,82.83,0.126,buy,293522926
1750515101620,82.83,0.186,sell,293522927
1750515102160,82.84,0.691,buy,293522928
1750515102672,82.83,3.592,sell,293522929
1750515103868,82.83,0.11,sell,293522930
1750515106227,82.84,1.872,buy,293522931
1750515107703,82.83,13,sell,293522932
1750515108440,82.83,1.455,sell,293522933
1750515108723,82.84,0.133,buy,293522934
1750515110490,82.84,0.309,buy,293522935
1750515111096,82.84,0.316,sell,293522936
1750515111357,82.85,19.482,buy,293522937
1750515111357,82.85,0.063,buy,293522938
1750515111359,82.86,0.436,buy,293522939
1750515113419,82.87,0.133,buy,293522940
1750515113436,82.87,1.053,buy,293522941
1750515113606,82.86,0.263,sell,293522942
1750515115259,82.86,4,sell,293522943
1750515116587,82.86,10.441,sell,293522944
1750515116671,82.87,0.788,buy,293522945
1750515116736,82.87,8.621,buy,293522946
1750515116742,82.87,1.339,sell,293522947
1750515117493,82.88,0.343,buy,293522948
1750515117497,82.87,13.708,sell,293522949
1750515120400,82.87,0.95,sell,293522950
1750515121495,82.87,0.724,buy,293522951
1750515122318,82.87,3.621,sell,293522952
1750515122855,82.87,1.215,sell,293522953
1750515123667,82.88,1.503,buy,293522954
1750515123685,82.87,1.18,sell,293522955
1750515124900,82.87,0.735,sell,293522956
1750515126430,82.86,1.806,sell,293522957
1750515127604,82.87,0.99,buy,293522958
1750515127934,82.86,8,sell,293522959
1750515128237,82.86,2.823,sell,293522960
1750515131474,82.86,1.189,sell,293522961
1750515132043,82.86,0.189,sell,293522962
1750515135392,82.86,0.174,buy,293522963
1750515135740,82.86,0.686,buy,293522964
1750515136442,82.86,15.003,buy,293522965
1750515136834,82.86,0.114,sell,293522966
1750515137153,82.87,1.009,buy,293522967
1750515137155,82.88,0.405,buy,293522968
1750515138479,82.89,0.241,buy,293522969
1750515139208,82.88,1.749,sell,293522970
1750515140326,82.89,3.685,buy,293522971
1750515140469,82.9,0.314,buy,293522972
1750515141158,82.9,0.189,sell,293522973
1750515141249,82.89,1.181,sell,293522974
1750515141397,82.9,0.302,buy,293522975
1750515141500,82.89,0.437,sell,293522976
1750515141945,82.89,1.065,buy,293522977
1750515143932,82.88,0.436,sell,293522978
1750515145069,82.88,0.796,buy,293522979
1750515147060,82.88,0.442,buy,293522980
1750515148855,82.88,0.115,buy,293522981
1750515148954,82.87,0.099,sell,293522982
1750515151106,82.87,0.15,sell,293522983
1750515152476,82.87,0.313,sell,293522984
1750515153805,82.86,0.37,sell,293522985
1750515156200,82.86,0.5,sell,293522986
1750515158533,82.85,5.216,sell,293522987
1750515158534,82.86,1.835,buy,293522988
1750515158830,82.86,1.645,buy,293522989
1750515159354,82.86,0.06,buy,293522990
1750515159941,82.86,0.818,buy,293522991
1750515160704,82.85,1.218,sell,293522992
1750515161631,82.86,0.072,buy,293522993
1750515162455,82.85,0.122,sell,293522994
1750515162688,82.85,0.109,sell,293522995
1750515162981,82.85,7.053,sell,293522996
1750515163659,82.85,0.96,sell,293522997
1750515165066,82.86,0.35,buy,293522998
1750515165676,82.85,1.3,sell,293522999
1750515166124,82.86,0.253,buy,293523000
1750515167301,82.85,0.121,sell,293523001
1750515169731,82.86,0.241,buy,293523002
1750515170247,82.85,0.362,sell,293523003
1750515170432,82.86,18.117,buy,293523004
1750515170534,82.87,1.626,buy,293523005
1750515170736,82.88,0.185,buy,293523006
1750515171959,82.89,0.265,buy,293523007
1750515172865,82.88,0.435,sell,293523008
1750515172916,82.88,0.2,sell,293523009
1750515175426,82.88,0.315,sell,293523010
1750515176000,82.87,0.5,sell,293523011
1750515176407,82.87,16.274,buy,293523012
1750515176407,82.87,16.274,buy,293523013
1750515178403,82.86,0.376,sell,293523014
1750515178408,82.86,0.131,sell,293523015
1750515180919,82.86,2.213,sell,293523016
1750515183078,82.87,1.81,buy,293523017
1750515183230,82.87,0.482,buy,293523018
1750515183512,82.86,0.436,sell,293523019
1750515185106,82.85,0.91,sell,293523020
1750515185662,82.86,3.758,buy,293523021
1750515187302,82.85,0.567,sell,293523022
1750515188984,82.85,0.115,buy,293523023
1750515194118,82.85,0.604,sell,293523026
1750515194162,82.86,5.39,buy,293523027
1750515194170,82.87,0.212,buy,293523028
1750515194225,82.88,1.181,buy,293523029
1750515194604,82.88,0.457,buy,293523030
1750515195605,82.88,0.391,sell,293523031
1750515199307,82.88,32.309,sell,293523032
1750515199623,82.89,0.359,buy,293523033
1750515200579,82.88,0.269,sell,293523034
1750515201617,82.88,0.252,sell,293523035
1750515205196,82.87,0.221,sell,293523036
1750515205380,82.88,0.3,buy,293523037
1750515205400,82.87,0.342,sell,293523038
1750515205592,82.87,0.381,buy,293523039
1750515213492,82.86,41.314,sell,293523040
1750515213492,82.85,100.299,sell,293523041
1750515213492,82.84,46.216,sell,293523042
1750515216322,82.84,1.5,sell,293523043
1750515216855,82.85,0.149,buy,293523044
1750515218447,82.86,39.688,buy,293523045
1750515218447,82.86,6.887,buy,293523046
1750515218564,82.87,0.691,buy,293523047
1750515219217,82.88,3.915,buy,293523048
1750515220003,82.89,1.565,buy,293523049
1750515220083,82.89,8.503,buy,293523050
1750515223536,82.89,29.814,sell,293523051
1750515223541,82.89,0.063,sell,293523052
1750515226900,82.88,0.5,sell,293523053
1750515227169,82.87,0.598,sell,293523054
1750515227201,82.87,0.11,sell,293523055
1750515227628,82.87,0.373,sell,293523056
1750515228000,82.86,0.567,sell,293523057
1750515230242,82.86,0.241,buy,293523058
1750515232373,82.86,0.421,buy,293523059
1750515232789,82.86,0.985,buy,293523060
1750515236581,82.85,0.669,sell,293523061
1750515237697,82.86,0.081,buy,293523062
1750515238944,82.85,0.498,sell,293523063
1750515239742,82.86,1.343,buy,293523064
1750515240400,82.85,0.77,sell,293523065
1750515241237,82.85,24.057,sell,293523066
1750515241238,82.85,0.063,sell,293523067
1750515241241,82.84,0.567,sell,293523068
1750515241241,82.83,3.433,sell,293523069
1750515241334,82.83,0.749,sell,293523070
1750515241397,82.82,0.359,sell,293523071
1750515242179,82.82,9.454,sell,293523072
1750515242179,82.81,11.527,sell,293523073
1750515245242,82.82,0.591,buy,293523074
1750515245252,82.82,0.151,buy,293523075
1750515245479,82.82,0.273,buy,293523076
1750515246766,82.81,0.234,sell,293523077
1750515246972,82.82,1.047,buy,293523078
1750515246994,82.81,0.144,sell,293523079
1750515247150,82.81,5.984,sell,293523080
1750515248107,82.81,6.564,sell,293523081
1750515249953,82.82,0.455,buy,293523082
1750515251187,82.83,1.137,buy,293523083
1750515253713,82.82,6.967,sell,293523084
1750515255727,82.82,0.126,sell,293523085
1750515256327,82.82,0.425,buy,293523086
1750515257149,82.81,0.4,sell,293523087
1750515257200,82.81,0.226,sell,293523088
1750515257313,82.81,11.153,buy,293523089
1750515260320,82.81,17.19,buy,293523090
1750515262066,82.81,1.811,buy,293523091
1750515263400,82.82,0.185,buy,293523092
1750515264267,82.83,0.522,buy,293523093
1750515266751,82.83,13.896,buy,293523094
1750515266796,82.84,0.212,buy,293523095
1750515266945,82.84,0.252,sell,293523096
1750515272437,82.84,0.252,sell,293523097
1750515272900,82.83,0.605,sell,293523098
1750515274008,82.82,23.968,sell,293523099
1750515274009,82.82,0.063,sell,293523100
1750515277905,82.81,3.955,sell,293523101
1750515279755,82.82,0.113,buy,293523102
1750515279854,82.81,0.199,sell,293523103
1750515280754,82.81,0.126,sell,293523104
1750515281076,82.8,0.264,sell,293523105
1750515285033,82.8,0.863,sell,293523106
1750515289796,82.81,7.518,buy,293523107
1750515290104,82.81,0.241,buy,293523108
1750515291072,82.81,1.209,buy,293523109
1750515291401,82.81,8.848,buy,293523110
1750515291548,82.82,2.316,buy,293523111
1750515291609,82.83,0.121,buy,293523112
1750515294807,82.84,1.955,buy,293523113
1750515296718,82.83,1.666,sell,293523114
1750515299675,82.83,0.189,sell,293523115
1750515300082,82.83,0.067,buy,293523116
1750515300313,82.83,4.189,sell,293523117
1750515300497,82.84,0.276,buy,293523118
1750515300501,82.85,0.188,buy,293523119
1750515300659,82.85,0.98,sell,293523120
1750515302298,82.85,23.621,sell,293523121
1750515302298,82.84,36.133,sell,293523122
1750515304912,82.84,3.449,sell,293523123
1750515306756,82.85,0.137,buy,293523124
1750515307852,82.84,1,sell,293523125
1750515309482,82.85,0.217,buy,293523126
1750515311700,82.86,0.252,buy,293523127
1750515311940,82.86,0.674,sell,293523128
1750515312642,82.86,0.269,sell,293523129
1750515312715,82.87,0.712,buy,293523130
1750515316648,82.87,0.236,buy,293523131
1750515319288,82.86,2,sell,293523132
1750515319388,82.87,0.121,buy,293523133
1750515321107,82.87,0.315,sell,293523134
1750515321902,82.87,1.122,buy,293523135
1750515322602,82.86,0.437,sell,293523136
1750515325120,82.86,1.242,sell,293523137
1750515325443,82.87,0.182,buy,293523138
1750515326334,82.86,0.252,sell,293523139
1750515326505,82.85,0.597,sell,293523140
1750515328464,82.86,0.252,buy,293523141
1750515328566,82.86,0.323,buy,293523142
1750515332281,82.85,1.356,sell,293523143
1750515332548,82.85,0.436,sell,293523144
1750515332789,82.84,0.179,sell,293523145
1750515336330,82.85,6,buy,293523146
1750515342202,82.84,0.5,sell,293523147
1750515342559,82.84,3.621,buy,293523148
1750515342917,82.84,0.483,buy,293523149
1750515349305,82.83,0.503,sell,293523150
1750515349379,82.83,0.482,buy,293523151
1750515351171,82.82,0.262,sell,293523152
1750515352191,82.83,36.407,buy,293523153
1750515352255,82.84,0.401,buy,293523154
1750515355192,82.85,2.414,buy,293523155
1750515355638,82.85,0.241,buy,293523156
1750515355737,82.85,2.754,buy,293523157
1750515357811,82.85,1.385,buy,293523158
1750515358256,82.84,6.339,sell,293523159
1750515358259,82.84,0.126,sell,293523160
1750515362219,82.83,0.102,sell,293523161
1750515363225,82.83,0.194,sell,293523162
1750515363400,82.83,0.267,sell,293523163
1750515364982,82.82,0.099,sell,293523164
1750515367720,82.83,0.429,buy,293523165
1750515368100,82.84,0.379,buy,293523166
1750515369397,82.85,0.503,buy,293523167
1750515370400,82.86,0.567,buy,293523168
1750515370842,82.87,0.503,buy,293523169
1750515371876,82.87,0.252,sell,293523170
1750515372432,82.87,0.752,buy,293523171
1750515372680,82.87,0.442,buy,293523172
1750515373700,82.86,0.5,sell,293523173
1750515374258,82.86,0.463,buy,293523174
1750515374956,82.86,1.363,buy,293523175
1750515378441,82.86,0.76,buy,293523176
1750515383221,82.86,0.233,buy,293523177
1750515387412,82.86,0.073,buy,293523178
1750515387454,82.86,7.6,buy,293523179
1750515388355,82.86,0.203,buy,293523180
1750515388759,82.86,29.116,buy,293523181
1750515388760,82.86,0.063,buy,293523182
1750515388814,82.87,0.379,buy,293523183
1750515388814,82.88,0.802,buy,293523184
1750515390908,82.88,0.241,buy,293523185
1750515391611,82.87,4.3,sell,293523186
1750515391735,82.87,0.189,sell,293523187
1750515392100,82.86,0.5,sell,293523188
1750515392800,82.86,0.441,buy,293523189
1750515394154,82.85,6.437,sell,293523190
1750515395278,82.86,0.252,buy,293523191
1750515396348,82.87,0.241,buy,293523192
1750515396776,82.86,0.362,sell,293523193
1750515396823,82.87,0.097,buy,293523194
1750515397211,82.87,1.465,buy,293523195
1750515399367,82.86,1.853,sell,293523196
1750515399757,82.86,0.837,sell,293523197
1750515401799,82.87,0.182,buy,293523198
1750515402787,82.86,1.09,sell,293523199
1750515402788,82.86,0.056,sell,293523200
1750515402922,82.85,17.531,sell,293523201
1750515402922,82.85,0.063,sell,293523202
1750515402978,82.85,0.448,buy,293523203
1750515403638,82.84,1.675,sell,293523204
1750515403640,82.83,0.436,sell,293523205
1750515404079,82.83,0.126,buy,293523206
1750515404500,82.82,0.567,sell,293523207
1750515405337,82.82,0.189,buy,293523208
1750515406664,82.83,0.5,buy,293523209
1750515406666,82.84,0.497,buy,293523210
1750515408405,82.84,0.255,sell,293523211
1750515411900,82.83,0.333,sell,293523212
1750515412619,82.84,0.274,buy,293523213
1750515413359,82.83,0.189,sell,293523214
1750515413511,82.83,2.414,buy,293523215
1750515415234,82.83,0.189,buy,293523216
1750515417400,82.84,0.437,buy,293523217
1750515418642,82.85,0.603,buy,293523218
1750515420946,82.85,0.379,buy,293523219
1750515421012,82.85,0.693,buy,293523220
1750515422313,82.84,1.91,sell,293523221
1750515426013,82.84,0.315,sell,293523222
1750515426722,82.84,0.428,buy,293523223
1750515429600,82.84,0.379,sell,293523224
1750515429602,82.83,0.192,sell,293523225
1750515430006,82.83,1,sell,293523226
1750515433171,82.83,0.379,sell,293523227
1750515433191,82.82,1.153,sell,293523228
1750515433198,82.82,0.311,sell,293523229
1750515433853,82.82,0.376,buy,293523230
1750515435426,82.81,11.562,sell,293523231
1750515435426,82.81,12.536,sell,293523232
1750515435606,82.81,0.167,buy,293523233
1750515438446,82.8,1.558,sell,293523234
1750515441265,82.79,0.382,sell,293523235
1750515442022,82.78,3.019,sell,293523236
1750515444371,82.78,24.098,sell,293523237
1750515445136,82.77,0.503,sell,293523238
1750515448388,82.77,0.2,buy,293523239
1750515448828,82.76,3.526,sell,293523240
1750515450208,82.75,0.604,sell,293523241
1750515450212,82.75,0.126,sell,293523242
1750515451448,82.75,0.157,buy,293523243
1750515452153,82.75,0.1,buy,293523244
1750515452404,82.75,82.753,buy,293523245
1750515452405,82.76,10.532,buy,293523246
1750515452634,82.76,0.091,sell,293523247
1750515453051,82.76,0.252,sell,293523248
1750515454276,82.76,0.076,buy,293523249
1750515455640,82.75,0.694,sell,293523250
1750515457111,82.75,0.132,sell,293523251
1750515459178,82.76,1.853,buy,293523252
1750515459546,82.76,0.252,buy,293523253
1750515461792,82.76,1.828,sell,293523254
1750515463198,82.75,0.436,sell,293523255
1750515463396,82.74,5,sell,293523256
1750515463710,82.75,0.241,buy,293523257
1750515464225,82.74,0.362,sell,293523258
1750515464527,82.74,0.526,sell,293523259
1750515466444,82.75,0.58,buy,293523260
1750515468104,82.74,0.446,sell,293523261
1750515469300,82.73,0.937,sell,293523262
1750515471223,82.72,38.776,sell,293523263
1750515471223,82.72,0.063,sell,293523264
1750515471228,82.71,0.726,sell,293523265
1750515471268,82.71,4,sell,293523266
1750515471445,82.71,0.446,sell,293523267
1750515471947,82.7,0.504,sell,293523268
1750515473002,82.7,0.268,buy,293523269
1750515474770,82.7,0.437,buy,293523270
1750515474863,82.71,0.501,buy,293523271
1750515476678,82.71,3.022,sell,293523272
1750515477725,82.72,0.354,buy,293523273
1750515481519,82.71,0.277,sell,293523274
1750515482626,82.71,0.315,sell,293523275
1750515483797,82.71,1.456,buy,293523276
1750515484056,82.71,0.189,buy,293523277
1750515485331,82.72,0.401,buy,293523278
1750515485800,82.72,0.529,buy,293523279
1750515488918,82.72,0.381,sell,293523280
1750515489230,82.71,0.962,sell,293523281
1750515489450,82.72,0.256,buy,293523282
1750515489751,82.72,0.738,buy,293523283
1750515492867,82.72,0.989,buy,293523284
1750515493498,82.72,0.315,buy,293523285
1750515494700,82.73,0.501,buy,293523286
1750515494739,82.74,0.298,buy,293523287
1750515495146,82.74,0.504,buy,293523288
1750515496000,82.75,0.379,buy,293523289
1750515498868,82.76,0.503,buy,293523290
1750515499877,82.77,2.367,buy,293523291
1750515500265,82.77,0.211,sell,293523292
1750515500890,82.78,18.784,buy,293523293
1750515500896,82.78,0.741,sell,293523294
1750515501465,82.79,0.379,buy,293523295
1750515502060,82.79,0.189,sell,293523296
1750515503432,82.79,0.374,buy,293523297
1750515503959,82.78,0.108,sell,293523298
1750515504431,82.78,0.392,sell,293523299
1750515504431,82.77,0.367,sell,293523300
1750515505486,82.78,0.189,buy,293523301
1750515505874,82.79,3.696,buy,293523302
1750515507933,82.78,0.641,sell,293523303
1750515508355,82.79,0.124,buy,293523304
1750515509466,82.78,2,sell,293523305
1750515510080,82.79,1.287,buy,293523306
1750515510300,82.8,0.567,buy,293523307
1750515512779,82.8,0.292,sell,293523308
1750515515377,82.81,0.436,buy,293523309
1750515516936,82.82,0.32,buy,293523310
1750515517268,82.82,0.316,buy,293523311
1750515517542,82.82,0.309,sell,293523312
1750515518266,82.83,1.207,buy,293523313
1750515518400,82.83,0.126,buy,293523314
1750515519100,82.84,0.567,buy,293523315
1750515519173,82.85,0.503,buy,293523316
1750515520752,82.85,0.369,sell,293523317
1750515520955,82.84,0.076,sell,293523318
1750515520955,82.85,0.073,buy,293523319
1750515521104,82.84,0.546,sell,293523320
1750515521300,82.83,0.65,sell,293523321
1750515528063,82.82,21.395,sell,293523322
1750515528063,82.82,2.997,sell,293523323
1750515528565,82.81,0.71,sell,293523324
1750515528567,82.81,0.057,sell,293523325
1750515528571,82.8,1.208,sell,293523326
1750515528828,82.79,0.5,sell,293523327
1750515529304,82.79,2.993,buy,293523328
1750515531989,82.78,0.503,sell,293523329
1750515532240,82.77,0.32,sell,293523330
1750515532256,82.77,0.186,sell,293523331
1750515532357,82.76,0.504,sell,293523332
1750515533132,82.75,11.69,sell,293523333
1750515533155,82.75,0.187,sell,293523334
1750515533524,82.74,0.166,sell,293523335
1750515533802,82.75,0.315,buy,293523336
1750515534804,82.75,0.782,sell,293523337
1750515536201,82.76,0.5,buy,293523338
1750515536583,82.77,0.436,buy,293523339
1750515537298,82.77,0.217,sell,293523340
1750515545412,82.77,0.315,sell,293523341
1750515546700,82.76,0.5,sell,293523342
1750515546911,82.75,0.503,sell,293523343
1750515548390,82.74,0.567,sell,293523344
1750515550957,82.74,1.891,buy,293523345
1750515550957,82.74,0.324,buy,293523346
1750515551015,82.74,0.102,sell,293523347
1750515551598,82.75,0.1,buy,293523348
1750515552012,82.75,2.414,buy,293523349
1750515554052,82.75,1.34,buy,293523350
1750515554495,82.76,0.244,buy,293523351
1750515556575,82.75,0.089,sell,293523352
1750515557575,82.75,0.252,sell,293523353
1750515557715,82.75,0.978,buy,293523354
1750515560033,82.75,0.315,buy,293523355
1750515560906,82.76,0.39,buy,293523356
1750515563861,82.75,0.44,sell,293523357
1750515564206,82.75,0.38,sell,293523358
1750515564712,82.76,0.615,buy,293523359
1750515565068,82.76,14.871,buy,293523360
1750515566394,82.76,0.237,buy,293523361
1750515566612,82.77,0.519,buy,293523362
1750515568403,82.76,0.615,sell,293523363
1750515570118,82.77,19.656,buy,293523364
1750515570118,82.77,5.911,buy,293523365
1750515570121,82.78,0.436,buy,293523366
1750515570242,82.79,1.181,buy,293523367
1750515571835,82.79,1.856,buy,293523368
1750515572684,82.79,0.072,buy,293523369
1750515579158,82.79,0.5,buy,293523370
1750515579400,82.8,0.628,buy,293523371
1750515580394,82.81,0.436,buy,293523372
1750515580601,82.81,2.423,sell,293523373
1750515585015,82.82,0.503,buy,293523374
1750515588492,82.83,0.436,buy,293523375
1750515589625,82.83,14.798,sell,293523376
1750515589707,82.83,0.4,buy,293523377
1750515593178,82.83,10.571,buy,293523378
1750515594617,82.82,0.27,sell,293523379
1750515596394,82.83,0.315,buy,293523380
1750515598218,82.83,0.189,sell,293523381
1750515598516,82.83,0.091,buy,293523382
1750515599637,82.83,0.241,buy,293523383
1750515600060,82.82,0.362,sell,293523384
1750515602766,82.82,5,sell,293523385
1750515602772,82.82,10.292,sell,293523386
1750515602777,82.81,0.527,sell,293523387
1750515606243,82.81,0.315,buy,293523388
1750515609300,82.82,0.5,buy,293523389
1750515610411,82.83,0.567,buy,293523390
1750515616151,82.84,0.802,buy,293523391
1750515616546,82.85,2.544,buy,293523392
1750515616948,82.86,1.127,buy,293523393
1750515619496,82.86,0.198,buy,293523394
1750515624617,82.86,4.158,buy,293523395
1750515624932,82.87,0.503,buy,293523396
1750515625027,82.87,0.445,sell,293523397
1750515625723,82.87,0.334,sell,293523398
1750515625742,82.88,0.627,buy,293523399
1750515625992,82.88,0.324,buy,293523400
1750515626135,82.88,0.785,buy,293523401
1750515628109,82.88,0.443,buy,293523402
1750515628400,82.88,0.316,buy,293523403
1750515629833,82.89,1.774,buy,293523404
1750515630292,82.89,0.074,buy,293523405
1750515630530,82.89,0.074,buy,293523406
1750515630893,82.88,0.4,sell,293523407
1750515633125,82.88,0.37,buy,293523408
1750515633355,82.88,0.074,buy,293523409
1750515634532,82.88,0.178,buy,293523410
1750515634538,82.88,0.205,sell,293523411
1750515634679,82.89,0.14,buy,293523412
1750515635204,82.89,0.126,buy,293523413
1750515635497,82.89,0.252,buy,293523414
1750515635934,82.9,0.5,buy,293523415
1750515636522,82.9,1.681,buy,293523416
1750515636936,82.91,0.676,buy,293523417
1750515638198,82.92,0.503,buy,293523418
1750515638419,82.92,0.147,sell,293523419
1750515639220,82.92,0.182,sell,293523420
1750515640740,82.93,0.301,buy,293523421
1750515640800,82.93,0.208,buy,293523422
1750515642558,82.94,10.196,buy,293523423
1750515643007,82.95,0.082,buy,293523424
1750515645155,82.94,0.084,sell,293523425
1750515646349,82.94,0.145,sell,293523426
1750515648885,82.95,0.421,buy,293523427
1750515650321,82.95,0.932,sell,293523428
1750515652506,82.95,0.127,buy,293523429
1750515653278,82.95,0.087,buy,293523430
1750515654155,82.95,0.315,buy,293523431
1750515654255,82.95,26.055,sell,293523432
1750515654472,82.96,0.44,buy,293523433
1750515655150,82.96,0.252,buy,293523434
1750515655898,82.97,0.561,buy,293523435
1750515655927,82.98,0.1,buy,293523436
1750515656131,82.97,4.02,sell,293523437
1750515656424,82.98,9.909,buy,293523438
1750515656452,82.99,7.173,buy,293523439
1750515656955,82.99,2.221,sell,293523440
1750515658719,83,0.421,buy,293523441
1750515659003,83,0.797,buy,293523442
1750515660670,82.99,13.649,sell,293523443
1750515660670,82.99,0.063,sell,293523444
1750515660773,82.98,0.497,sell,293523445
1750515661618,82.98,0.825,buy,293523446
1750515666062,82.98,0.818,buy,293523447
1750515666202,82.98,0.289,buy,293523448
1750515669808,82.97,7.4,sell,293523449
1750515670812,82.97,14.855,sell,293523450
1750515670901,82.96,0.497,sell,293523451
1750515671553,82.96,15.45,buy,293523452
1750515672813,82.97,0.06,buy,293523453
1750515673848,82.97,0.091,buy,293523454
1750515674638,82.96,0.252,sell,293523455
1750515675124,82.96,1.205,buy,293523456
1750515679483,82.96,0.315,buy,293523457
1750515680800,82.97,0.437,buy,293523458
1750515681139,82.97,1.205,sell,293523459
1750515681304,82.98,0.824,buy,293523460
1750515682175,82.98,0.856,buy,293523461
1750515682449,82.99,7.868,buy,293523462
1750515685029,82.98,1.206,sell,293523463
1750515685469,82.99,0.241,buy,293523464
1750515685903,82.98,0.361,sell,293523465
1750515686498,82.98,7.86,sell,293523466
1750515689312,82.99,0.084,buy,293523467
1750515689313,82.99,0.49,buy,293523468
1750515689807,83,1.614,buy,293523469
1750515689825,82.99,0.356,sell,293523470
1750515689890,82.99,0.653,sell,293523471
1750515693491,82.99,0.339,sell,293523472
1750515695389,82.99,42.543,buy,293523473
1750515695389,83,17.269,buy,293523474
1750515700572,82.99,0.315,sell,293523475
1750515705514,82.98,2.873,sell,293523476
1750515705516,82.97,0.503,sell,293523477
1750515707303,82.96,1.56,sell,293523478
1750515707353,82.96,0.188,sell,293523479
1750515709476,82.95,0.725,sell,293523480
1750515709476,82.94,0.961,sell,293523481
1750515709476,82.93,0.578,sell,293523482
1750515710440,82.94,0.252,buy,293523483
1750515711136,82.94,0.253,sell,293523484
1750515711600,82.93,0.567,sell,293523485
1750515712941,82.93,0.602,buy,293523486
1750515713929,82.92,3.912,sell,293523487
1750515713929,82.92,12.889,sell,293523488
1750515713929,82.91,48.369,sell,293523489
1750515713930,82.9,64.695,sell,293523490
1750515713931,82.9,12.282,sell,293523491
1750515713931,82.9,15.302,sell,293523492
1750515713932,82.9,15.148,sell,293523493
1750515713932,82.9,21.246,sell,293523494
1750515713934,82.89,33.287,sell,293523495
1750515713934,82.89,41.446,sell,293523496
1750515713935,82.88,11.909,sell,293523497
1750515713936,82.87,6.033,sell,293523498
1750515713937,82.88,0.528,buy,293523499
1750515713937,82.88,1.885,buy,293523500
1750515713937,82.87,6.034,sell,293523501
1750515713938,82.87,1.509,sell,293523502
1750515713939,82.87,0.067,sell,293523503
1750515713952,82.87,7.398,sell,293523504
1750515713954,82.87,9.657,sell,293523505
1750515714048,82.87,1.181,sell,293523506
1750515719205,82.87,1.205,sell,293523507
1750515720564,82.87,0.316,sell,293523508
1750515720566,82.87,0.063,sell,293523509
1750515721422,82.87,0.252,buy,293523510
1750515722358,82.87,0.695,buy,293523511
1750515722601,82.87,0.363,buy,293523512
1750515723315,82.86,0.603,sell,293523513
1750515723396,82.87,0.228,buy,293523514
1750515723575,82.86,0.142,sell,293523515
1750515723594,82.86,1.734,sell,293523516
1750515724778,82.86,0.121,buy,293523517
1750515726236,82.85,24.47,sell,293523518
1750515726942,82.85,0.703,sell,293523519
1750515726942,82.84,0.478,sell,293523520
1750515729755,82.85,4.94,buy,293523521
1750515729757,82.85,0.063,buy,293523522
1750515735133,82.85,32.237,sell,293523523
1750515735226,82.84,0.658,sell,293523524
1750515736904,82.84,0.351,buy,293523525
1750515738415,82.84,0.152,buy,293523526
1750515739876,82.83,1.78,sell,293523527
1750515739948,82.83,0.1,buy,293523528
1750515741618,82.83,0.674,buy,293523529
1750515741851,82.82,0.106,sell,293523530
1750515741906,82.82,0.397,sell,293523531
1750515742037,82.81,0.353,sell,293523532
1750515744011,82.82,0.603,buy,293523533
1750515744315,82.82,0.286,buy,293523534
1750515747021,82.82,6.255,buy,293523535
1750515747231,82.82,0.084,buy,293523536
1750515747811,82.81,0.279,sell,293523537
1750515748555,82.82,0.189,buy,293523538
1750515749312,82.81,0.189,sell,293523539
1750515749736,82.8,0.361,sell,293523540
1750515750425,82.81,0.135,buy,293523541
1750515750884,82.8,0.083,sell,293523542
1750515751434,82.8,0.3,sell,293523543
1750515751500,82.8,0.186,sell,293523544
1750515752135,82.79,0.684,sell,293523545
1750515753817,82.79,0.392,buy,293523546
1750515756530,82.78,0.606,sell,293523547
1750515757979,82.79,0.126,buy,293523548
1750515757991,82.79,0.261,buy,293523549
1750515760355,82.79,0.111,sell,293523550
1750515761758,82.8,0.269,buy,293523551
1750515763596,82.79,1.376,sell,293523552
1750515767096,82.8,0.302,buy,293523553
1750515768533,82.8,19.257,buy,293523554
1750515769700,82.81,0.5,buy,293523555
1750515769906,82.82,0.341,buy,293523556
1750515770689,82.81,0.404,sell,293523557
1750515774021,82.82,0.315,buy,293523558
1750515774663,82.83,0.506,buy,293523559
1750515774927,82.83,0.106,buy,293523560
1750515776051,82.83,0.784,buy,293523561
1750515776500,82.83,0.436,buy,293523562
1750515777500,82.84,0.567,buy,293523563
1750515779500,82.85,0.5,buy,293523564
1750515780410,82.86,0.503,buy,293523565
1750515780800,82.87,0.5,buy,293523566
1750515781510,82.88,29.091,buy,293523567
1750515782196,82.89,3.009,buy,293523568
1750515783027,82.89,0.126,buy,293523569
1750515783542,82.9,0.252,buy,293523570
1750515784728,82.89,0.252,sell,293523571
1750515785987,82.88,0.5,sell,293523572
1750515785987,82.87,0.681,sell,293523573
1750515786634,82.87,0.154,sell,293523574
1750515787888,82.88,0.189,buy,293523575
1750515788705,82.88,8.646,sell,293523576
1750515790996,82.89,0.415,buy,293523577
1750515791091,82.89,1,buy,293523578
1750515798424,82.88,6.877,sell,293523579
1750515798424,82.87,10.023,sell,293523580
1750515798903,82.88,0.369,buy,293523581
1750515802326,82.88,0.379,sell,293523582
1750515805192,82.87,0.604,sell,293523583
1750515805734,82.88,0.112,buy,293523584
1750515808241,82.88,0.411,buy,293523585
1750515809755,82.87,6.117,sell,293523586
1750515809820,82.86,0.652,sell,293523587
1750515809820,82.85,0.384,sell,293523588
1750515810387,82.85,0.503,sell,293523589
1750515811601,82.85,0.166,buy,293523590
1750515814209,82.84,0.123,sell,293523591
1750515816099,82.84,0.59,sell,293523592
1750515819104,82.84,0.769,sell,293523593
1750515822618,82.85,0.778,buy,293523594
1750515823136,82.84,28.3,sell,293523595
1750515823149,82.83,0.749,sell,293523596
1750515823149,82.82,3.251,sell,293523597
1750515825803,82.82,0.534,sell,293523598
1750515826405,82.83,0.145,buy,293523599
1750515827853,82.82,6.225,sell,293523600
1750515827861,82.81,0.436,sell,293523601
1750515829799,82.81,38.315,buy,293523602
1750515829812,82.82,0.269,buy,293523603
1750515832437,82.81,0.252,sell,293523604
1750515833438,82.81,0.494,buy,293523605
1750515835168,82.8,5.92,sell,293523606
1750515835701,82.8,1.3,sell,293523607
1750515835845,82.8,0.446,sell,293523608
1750515835922,82.79,4.662,sell,293523609
1750515836923,82.79,7.2,sell,293523610
1750515838397,82.78,1.195,sell,293523611
1750515838411,82.77,0.503,sell,293523612
1750515840413,82.76,0.12,sell,293523613
1750515840529,82.76,11.697,sell,293523614
1750515840626,82.75,0.503,sell,293523615
1750515841808,82.75,1.181,buy,293523616
1750515841856,82.75,3.02,buy,293523617
1750515841888,82.75,1.181,buy,293523618
1750515841890,82.75,0.272,buy,293523619
1750515843401,82.76,0.5,buy,293523620
1750515843545,82.77,0.436,buy,293523621
1750515844512,82.78,0.133,buy,293523622
1750515844610,82.78,1.195,buy,293523623
1750515846407,82.78,0.436,buy,293523624
1750515847441,82.78,0.461,sell,293523625
1750515848316,82.79,0.465,buy,293523626
1750515849389,82.79,0.12,buy,293523627
1750515849477,82.79,0.379,buy,293523628
1750515854059,82.79,0.604,sell,293523629
1750515857476,82.8,0.151,buy,293523630
1750515857996,82.8,0.108,buy,293523631
1750515858062,82.8,0.274,buy,293523632
1750515858390,82.8,0.189,buy,293523633
1750515864792,82.81,0.682,buy,293523634
1750515866479,82.81,0.315,sell,293523635
1750515866676,82.8,1.123,sell,293523636
1750515868155,82.81,0.138,buy,293523637
1750515868824,82.81,0.392,buy,293523638
1750515876911,82.81,0.785,buy,293523639
1750515877891,82.81,0.226,buy,293523640
1750515878300,82.81,22.75,buy,293523641
1750515878301,82.82,7.28,buy,293523642
1750515878303,82.82,10.343,buy,293523643
1750515878303,82.82,6.182,buy,293523644
1750515878303,82.83,10.847,buy,293523645
1750515878304,82.83,24.792,buy,293523646
1750515878304,82.84,19.799,buy,293523647
1750515878308,82.85,4.586,buy,293523648
1750515878310,82.85,8.704,buy,293523649
1750515878310,82.85,8.153,buy,293523650
1750515878311,82.85,7.548,buy,293523651
1750515878313,82.85,3.211,buy,293523652
1750515878316,82.85,6.622,buy,293523653
1750515878316,82.85,25.561,buy,293523654
1750515878317,82.85,22.687,buy,293523655
1750515878321,82.85,45.578,buy,293523656
1750515878321,82.85,6.152,buy,293523657
1750515878329,82.85,0.067,buy,293523658
1750515878333,82.85,19.602,buy,293523659
1750515878333,82.85,5.077,buy,293523660
1750515878337,82.85,15.934,buy,293523661
1750515878363,82.85,24.707,buy,293523662
1750515878556,82.84,39.73,sell,293523663
1750515878562,82.84,0.063,sell,293523664
1750515878689,82.84,4.72,buy,293523665
1750515878787,82.84,1.181,buy,293523666
1750515878842,82.84,0.096,buy,293523667
1750515878853,82.84,18.554,buy,293523668
1750515878860,82.84,1.181,buy,293523669
1750515879857,82.83,37.603,sell,293523670
1750515879859,82.83,0.063,sell,293523671
1750515880455,82.83,0.11,buy,293523672
1750515883932,82.82,0.602,sell,293523673
1750515892958,82.83,0.787,buy,293523674
1750515895306,82.83,1.484,buy,293523675
1750515895605,82.82,0.087,sell,293523676
1750515896913,82.83,0.595,buy,293523677
1750515899176,82.83,0.752,buy,293523678
1750515900704,82.83,0.257,buy,293523679
1750515904300,82.83,0.302,buy,293523680
1750515905275,82.83,19.514,buy,293523681
1750515905275,82.84,12.84,buy,293523682
1750515905277,82.84,0.403,buy,293523683
1750515905277,82.85,68.334,buy,293523684
1750515905279,82.86,5.968,buy,293523685
1750515905279,82.86,38.733,buy,293523686
1750515905679,82.87,0.382,buy,293523687
1750515905767,82.88,12.494,buy,293523688
1750515905767,82.88,0.063,buy,293523689
1750515905767,82.89,30.036,buy,293523690
1750515905819,82.9,0.814,buy,293523691
1750515905821,82.9,0.063,buy,293523692
1750515905890,82.91,0.504,buy,293523693
1750515905999,82.92,2.213,buy,293523694
1750515906000,82.92,0.063,buy,293523695
1750515906002,82.92,1.207,sell,293523696
1750515907005,82.92,36.193,sell,293523697
1750515907857,82.92,0.674,buy,293523698
1750515910363,82.91,1.56,sell,293523699
1750515913206,82.92,0.291,buy,293523700
1750515914327,82.92,0.372,buy,293523701
1750515914839,82.91,0.315,sell,293523702
1750515914860,82.91,0.317,sell,293523703
1750515915824,82.91,0.12,sell,293523704
1750515918592,82.92,0.265,buy,293523705
1750515919137,82.92,11.762,buy,293523706
1750515920183,82.92,0.361,sell,293523707
1750515920185,82.93,0.503,buy,293523708
1750515920366,82.94,23.087,buy,293523709
1750515920366,82.95,18.42,buy,293523710
1750515920901,82.94,13.179,sell,293523711
1750515920902,82.94,0.063,sell,293523712
1750515920974,82.93,0.53,sell,293523713
1750515921034,82.93,0.188,sell,293523714
1750515921034,82.92,2.174,sell,293523715
1750515922317,82.93,0.06,buy,293523716
1750515925152,82.93,1.181,buy,293523717
1750515925923,82.93,0.513,buy,293523718
1750515928092,82.93,0.147,sell,293523719
1750515928174,82.94,6.24,buy,293523720
1750515928174,82.94,40.324,buy,293523721
1750515928176,82.94,0.127,buy,293523722
1750515928178,82.95,6.908,buy,293523723
1750515928181,82.95,0.126,buy,293523724
1750515928216,82.96,1.181,buy,293523725
1750515928468,82.95,0.252,sell,293523726
1750515930387,82.94,1.904,sell,293523727
1750515933673,82.95,1.67,buy,293523728
1750515933757,82.94,0.485,sell,293523729
1750515933772,82.93,1.181,sell,293523730
1750515934006,82.94,0.114,buy,293523731
1750515935037,82.93,0.204,sell,293523732
1750515936654,82.94,0.12,buy,293523733
1750515937113,82.94,31.071,buy,293523734
1750515937113,82.94,3.267,buy,293523735
1750515937115,82.94,0.063,buy,293523736
1750515937213,82.95,1.181,buy,293523737
1750515940776,82.95,0.357,buy,293523738
1750515942307,82.95,0.639,buy,293523739
1750515942583,82.94,0.399,sell,293523740
1750515943818,82.94,4.027,buy,293523741
1750515945039,82.94,0.315,buy,293523742
1750515947261,82.94,0.189,sell,293523743
1750515947816,82.93,15.68,sell,293523744
1750515948301,82.94,0.136,buy,293523745
1750515948780,82.94,0.241,buy,293523746
1750515949125,82.94,0.349,buy,293523747
1750515949630,82.94,0.252,sell,293523748
1750515950468,82.93,0.954,sell,293523749
1750515952742,82.94,0.139,buy,293523750
1750515952942,82.94,0.259,buy,293523751
1750515953494,82.93,0.437,sell,293523752
1750515954389,82.93,0.265,buy,293523753
1750515957601,82.93,0.179,buy,293523754
1750515960237,82.93,0.361,buy,293523755
1750515962096,82.93,0.94,buy,293523756
1750515964080,82.93,0.446,buy,293523757
1750515964446,82.92,46.135,sell,293523758
1750515964446,82.92,28.441,sell,293523759
1750515964446,82.92,51.643,sell,293523760
1750515964451,82.92,16.938,sell,293523761
1750515964453,82.92,82.82,sell,293523762
1750515964493,82.91,0.527,sell,293523763
1750515965752,82.9,0.383,sell,293523764
1750515965765,82.9,0.19,sell,293523765
1750515966054,82.89,0.436,sell,293523766
1750515968351,82.89,0.129,buy,293523767
1750515968975,82.89,0.187,buy,293523768
1750515971409,82.89,7.035,sell,293523769
1750515971412,82.89,0.063,sell,293523770
1750515972606,82.89,0.241,buy,293523771
1750515972865,82.89,1.348,buy,293523772
1750515973018,82.89,0.458,buy,293523773
1750515975926,82.88,4.181,sell,293523774
1750515976091,82.88,0.204,sell,293523775
1750515987394,82.88,24.098,sell,293523776
1750515987458,82.87,7.033,sell,293523777
1750515987476,82.87,0.126,sell,293523778
1750515988253,82.87,0.22,buy,293523779
1750515988260,82.86,0.099,sell,293523780
1750515989983,82.87,0.143,buy,293523781
1750515990059,82.87,0.39,buy,293523782
1750515990509,82.87,10.691,buy,293523783
1750515990707,82.88,0.436,buy,293523784
1750515991667,82.88,0.442,sell,293523785
1750515992160,82.88,57.26,sell,293523786
1750515992642,82.88,1.133,buy,293523787
1750515996307,82.87,0.436,sell,293523788
1750516000555,82.86,0.121,sell,293523789
1750516001197,82.87,1.222,buy,293523790
1750516004990,82.86,0.065,sell,293523791
1750516005880,82.86,0.267,sell,293523792
1750516007906,82.87,0.48,buy,293523793
1750516009073,82.87,1.769,buy,293523794
1750516009244,82.87,0.598,buy,293523795
1750516009431,82.87,6.286,buy,293523796
1750516011411,82.87,0.362,sell,293523797
1750516015634,82.88,0.156,buy,293523798
1750516019400,82.88,0.362,buy,293523799
1750516022086,82.88,1.264,buy,293523800
1750516025736,82.87,7.541,sell,293523801
1750516025951,82.86,0.303,sell,293523802
1750516026199,82.86,0.701,buy,293523803
1750516026614,82.86,0.189,buy,293523804
1750516028398,82.86,3.086,sell,293523805
1750516029220,82.86,0.252,sell,293523806
1750516030518,82.85,6.129,sell,293523807
1750516030993,82.85,0.838,buy,293523808
1750516031935,82.84,2.61,sell,293523809
1750516031936,82.84,0.062,sell,293523810
1750516032020,82.83,0.567,sell,293523811
1750516032020,82.82,0.614,sell,293523812
1750516032142,82.82,0.315,sell,293523813
1750516032231,82.81,0.284,sell,293523814
1750516032330,82.82,0.667,buy,293523815
1750516033512,82.81,0.39,sell,293523816
1750516033600,82.81,0.181,sell,293523817
1750516033604,82.81,0.532,buy,293523818
1750516033605,82.81,1.566,buy,293523819
1750516033605,82.81,0.317,buy,293523820
1750516033934,82.81,0.315,buy,293523821
1750516034343,82.81,0.132,sell,293523822
1750516036523,82.82,0.386,buy,293523823
1750516036900,82.81,0.248,sell,293523824
1750516037472,82.81,26.566,buy,293523825
1750516039441,82.8,1.626,sell,293523826
1750516039441,82.79,1.89,sell,293523827
1750516039444,82.79,7.088,sell,293523828
1750516039447,82.79,0.126,sell,293523829
1750516042403,82.79,2,buy,293523830
1750516042599,82.79,0.604,buy,293523831
1750516042764,82.79,1.278,buy,293523832
1750516043225,82.79,1.207,buy,293523833
1750516043228,82.79,0.126,buy,293523834
1750516044665,82.79,4.4,sell,293523835
1750516045342,82.8,1.033,buy,293523836
1750516045946,82.79,0.126,sell,293523837
1750516046094,82.78,9.468,sell,293523838
1750516046782,82.79,0.373,buy,293523839
1750516047109,82.8,0.5,buy,293523840
1750516047687,82.8,0.189,sell,293523841
1750516048927,82.79,0.379,sell,293523842
1750516049001,82.79,0.607,buy,293523843
1750516050120,82.78,0.379,sell,293523844
1750516050227,82.77,0.802,sell,293523845
1750516051534,82.77,0.576,sell,293523846
1750516053519,82.78,0.136,buy,293523847
1750516055238,82.78,0.231,buy,293523848
1750516055757,82.78,3.424,buy,293523849
1750516056886,82.78,0.283,buy,293523850
1750516057884,82.77,0.371,sell,293523851
1750516058293,82.77,7.1,buy,293523852
1750516058297,82.77,0.126,buy,293523853
1750516061456,82.78,0.74,buy,293523854
1750516061456,82.78,0.058,buy,293523855
1750516061458,82.79,0.373,buy,293523856
1750516062500,82.8,0.121,buy,293523857
1750516068806,82.8,0.274,buy,293523858
1750516069421,82.8,0.823,buy,293523859
1750516069423,82.81,0.436,buy,293523860
1750516070432,82.82,0.358,buy,293523861
1750516071157,82.82,0.567,buy,293523862
1750516071440,82.83,0.436,buy,293523863
1750516071800,82.84,0.567,buy,293523864
1750516072748,82.85,0.462,buy,293523865
1750516073219,82.84,0.189,sell,293523866
1750516073869,82.83,16.153,sell,293523867
1750516074240,82.84,0.419,buy,293523868
1750516075309,82.83,6.915,sell,293523869
1750516077267,82.84,0.75,buy,293523870
1750516080022,82.83,0.252,sell,293523871
1750516081764,82.83,44.708,buy,293523872
1750516081764,82.84,69.904,buy,293523873
1750516082215,82.85,1.391,buy,293523874
1750516085864,82.85,1.837,buy,293523875
1750516087887,82.84,6.301,sell,293523876
1750516087887,82.84,0.063,sell,293523877
1750516087920,82.83,1.181,sell,293523878
1750516092306,82.83,0.436,sell,293523879
1750516092601,82.82,0.5,sell,293523880
1750516093980,82.81,0.503,sell,293523881
1750516098472,82.8,1.69,sell,293523882
1750516098500,82.8,0.185,sell,293523883
1750516098585,82.79,0.503,sell,293523884
1750516099501,82.79,0.189,buy,293523885
1750516100105,82.8,0.15,buy,293523886
1750516100941,82.8,1.207,buy,293523887
1750516102305,82.79,0.333,sell,293523888
1750516103975,82.8,0.261,buy,293523889
1750516104763,82.79,0.252,sell,293523890
1750516105238,82.79,0.484,buy,293523891
1750516105658,82.79,0.083,buy,293523892
1750516105933,82.78,1.181,sell,293523893
1750516106500,82.78,0.695,sell,293523894
1750516106535,82.77,0.503,sell,293523895
1750516107937,82.77,0.864,buy,293523896
1750516108254,82.77,0.084,buy,293523897
1750516110378,82.77,0.604,buy,293523898
1750516111064,82.77,1.303,buy,293523899
1750516112012,82.76,0.138,sell,293523900
1750516113995,82.77,0.315,buy,293523901
1750516114047,82.78,0.376,buy,293523902
1750516116291,82.78,12.239,buy,293523903
1750516116379,82.79,0.136,buy,293523904
1750516117038,82.79,2.114,buy,293523905
1750516119807,82.79,0.252,sell,293523906
1750516120155,82.79,0.113,buy,293523907
1750516121176,82.78,0.6,sell,293523908
1750516121681,82.79,0.432,buy,293523909
1750516122904,82.79,0.189,buy,293523910
1750516124262,82.8,0.377,buy,293523911
1750516124300,82.8,0.25,buy,293523912
1750516128099,82.8,19.391,sell,293523913
1750516128099,82.79,1.43,sell,293523914
1750516128502,82.8,0.604,buy,293523915
1750516128604,82.8,0.19,buy,293523916
1750516129488,82.81,0.503,buy,293523917
1750516131112,82.81,2.022,sell,293523918
1750516133682,82.81,3.11,sell,293523919
1750516133952,82.81,0.337,sell,293523920
1750516136847,82.82,1.008,buy,293523921
1750516139576,82.82,0.379,sell,293523922
1750516139576,82.81,0.538,sell,293523923
1750516141046,82.81,0.105,sell,293523924
1750516141409,82.81,0.395,sell,293523925
1750516144269,82.81,1.198,buy,293523926
1750516144302,82.81,0.126,buy,293523927
1750516144369,82.82,1.096,buy,293523928
1750516144879,82.81,0.188,sell,293523929
1750516145796,82.81,0.252,sell,293523930
1750516147877,82.8,53.714,sell,293523931
1750516147877,82.79,141.771,sell,293523932
1750516147877,82.78,253.409,sell,293523933
1750516147880,82.78,3.863,buy,293523934
1750516147911,82.77,1.181,sell,293523935
1750516149621,82.78,45.682,buy,293523936
1750516149621,82.78,24.157,buy,293523937
1750516149621,82.78,32.745,buy,293523938
1750516149621,82.78,30.58,buy,293523939
1750516149621,82.78,82.89,buy,293523940
1750516149622,82.78,14.007,buy,293523941
1750516149622,82.78,8.676,buy,293523942
1750516149622,82.78,14.343,buy,293523943
1750516149623,82.78,24.199,buy,293523944
1750516149623,82.78,35.975,buy,293523945
1750516149623,82.78,6.602,buy,293523946
1750516149626,82.79,0.464,buy,293523947
1750516152530,82.8,1.14,buy,293523948
1750516153500,82.8,0.631,buy,293523949
1750516153702,82.81,0.436,buy,293523950
1750516154082,82.81,0.176,sell,293523951
1750516154200,82.82,0.561,buy,293523952
1750516154679,82.83,4.227,buy,293523953
1750516156807,82.82,11.037,sell,293523954
1750516158396,82.83,0.121,buy,293523955
1750516158757,82.82,0.189,sell,293523956
1750516159560,82.81,0.316,sell,293523957
1750516159561,82.8,0.401,sell,293523958
1750516163140,82.8,1.811,buy,293523959
1750516166042,82.79,0.124,sell,293523960
1750516166100,82.8,0.136,buy,293523961
1750516167912,82.8,0.1,buy,293523962
1750516169417,82.79,3.062,sell,293523963
1750516169805,82.78,0.503,sell,293523964
1750516170875,82.78,0.115,buy,293523965
1750516172243,82.78,0.136,buy,293523966
1750516176400,82.78,0.624,buy,293523967
1750516179671,82.79,0.93,buy,293523968
1750516183086,82.79,22.993,buy,293523969
1750516186174,82.79,10.034,sell,293523970
1750516186270,82.79,0.148,sell,293523971
1750516186925,82.79,0.241,sell,293523972
1750516190309,82.79,4.978,sell,293523973
1750516191352,82.8,8.144,buy,293523974
1750516193505,82.79,0.241,sell,293523975
1750516193522,82.8,0.102,buy,293523976
1750516194282,82.8,0.931,buy,293523977
1750516195437,82.8,0.745,buy,293523978
1750516195912,82.8,0.075,buy,293523979
1750516197176,82.8,0.122,buy,293523980
1750516202331,82.8,3.334,buy,293523981
1750516203509,82.79,10.288,sell,293523982
1750516206035,82.79,0.217,sell,293523983
1750516206440,82.78,0.953,sell,293523984
1750516208903,82.79,1.442,buy,293523985
1750516211025,82.79,0.181,buy,293523986
1750516214068,82.78,19.675,sell,293523987
1750516214072,82.77,14.469,sell,293523988
1750516214119,82.77,0.189,sell,293523989
1750516216252,82.76,0.365,sell,293523990
1750516216504,82.75,1.208,sell,293523991
1750516216523,82.76,1.204,buy,293523992
1750516217083,82.76,1.313,buy,293523993
1750516219300,82.76,0.773,buy,293523994
1750516219424,82.76,60.713,sell,293523995
1750516219425,82.75,39.116,sell,293523996
1750516219425,82.74,4,sell,293523997
1750516219428,82.74,37.485,sell,293523998
1750516219432,82.74,1.567,buy,293523999
1750516219432,82.74,0.531,buy,293524000
1750516219521,82.73,0.473,sell,293524001
1750516219638,82.72,3.868,sell,293524002
1750516219641,82.72,0.19,sell,293524003
1750516219644,82.71,0.438,sell,293524004
1750516219864,82.71,1.001,buy,293524005
1750516219996,82.71,0.265,buy,293524006
1750516220773,82.71,1.181,buy,293524007
1750516220793,82.71,1.181,buy,293524008
1750516220802,82.71,1.181,buy,293524009
1750516221800,82.7,0.676,sell,293524010
1750516221800,82.7,31.02,sell,293524011
1750516221800,82.69,68.98,sell,293524012
1750516221800,82.69,13.957,sell,293524013
1750516221800,82.68,210.466,sell,293524014
1750516221800,82.67,75.577,sell,293524015
1750516221803,82.68,4.94,buy,293524016
1750516221803,82.67,0.067,sell,293524017
1750516221805,82.68,0.189,buy,293524018
1750516222014,82.69,8.244,buy,293524019
1750516224477,82.68,0.189,sell,293524020
1750516226179,82.67,2.507,sell,293524021
1750516226320,82.67,0.253,sell,293524022
1750516227808,82.66,44.538,sell,293524023
1750516227808,82.65,149.956,sell,293524024
1750516227808,82.65,31.535,sell,293524025
1750516227808,82.64,84.18,sell,293524026
1750516227808,82.64,60.948,sell,293524027
1750516227808,82.63,84.485,sell,293524028
1750516227810,82.63,153.27,sell,293524029
1750516227810,82.62,4,sell,293524030
1750516227811,82.63,3.312,buy,293524031
1750516227811,82.63,3.312,buy,293524032
1750516227813,82.63,1.664,buy,293524033
1750516227813,82.62,6.051,sell,293524034
1750516227816,82.63,0.281,buy,293524035
1750516227817,82.62,0.121,sell,293524036
1750516227817,82.62,4.618,sell,293524037
1750516227817,82.61,1.314,sell,293524038
1750516227824,82.62,18.131,buy,293524039
1750516227824,82.62,6.217,buy,293524040
1750516227824,82.62,18.662,buy,293524041
1750516227824,82.62,0.063,buy,293524042
1750516227925,82.62,1.155,sell,293524043
1750516228068,82.61,0.488,sell,293524044
1750516228211,82.61,0.272,sell,293524045
1750516228318,82.6,7.318,sell,293524046
1750516229298,82.61,0.07,buy,293524047
1750516229301,82.61,0.07,buy,293524048
1750516229428,82.61,0.102,buy,293524049
1750516229845,82.6,1.181,sell,293524050
1750516229935,82.6,1.181,sell,293524051
1750516230438,82.61,0.077,buy,293524052
1750516230585,82.61,0.077,buy,293524053
1750516230639,82.61,0.152,buy,293524054
1750516231428,82.61,11.126,buy,293524055
1750516231429,82.61,0.664,buy,293524056
1750516231442,82.62,0.528,buy,293524057
1750516232655,82.63,0.167,buy,293524058
1750516233800,82.63,0.501,buy,293524059
1750516233822,82.63,2.1,sell,293524060
1750516234189,82.64,0.278,buy,293524061
1750516234599,82.63,100.838,sell,293524062
1750516234599,82.62,123.511,sell,293524063
1750516234599,82.61,271.112,sell,293524064
1750516234599,82.6,79.844,sell,293524065
1750516234599,82.59,96.053,sell,293524066
1750516234599,82.58,237.351,sell,293524067
1750516234599,82.57,244.175,sell,293524068
1750516234599,82.56,67.845,sell,293524069
1750516234602,82.59,1.198,buy,293524070
1750516234602,82.59,1.198,buy,293524071
1750516234602,82.59,0.799,buy,293524072
1750516234602,82.59,1.484,buy,293524073
1750516234628,82.6,0.189,buy,293524074
1750516235996,82.61,0.081,buy,293524075
1750516237692,82.61,0.999,buy,293524076
1750516237798,82.61,1.181,buy,293524077
1750516237819,82.61,1.181,buy,293524078
1750516237842,82.61,1.181,buy,293524079
1750516237864,82.61,1.181,buy,293524080
1750516237884,82.61,1.181,buy,293524081
1750516237905,82.61,1.181,buy,293524082
1750516237920,82.61,1.181,buy,293524083
1750516238134,82.61,1.181,buy,293524084
1750516238152,82.61,1.181,buy,293524085
1750516238172,82.61,1.181,buy,293524086
1750516238342,82.6,6.058,sell,293524087
1750516238343,82.6,54.13,sell,293524088
1750516238345,82.59,0.277,sell,293524089
1750516238361,82.59,0.189,buy,293524090
1750516238704,82.6,0.316,buy,293524091
1750516238776,82.61,1.181,buy,293524092
1750516238783,82.61,1.181,buy,293524093
1750516238791,82.61,0.126,buy,293524094
1750516238899,82.62,0.785,buy,293524095
1750516238913,82.62,1.181,buy,293524096
1750516239566,82.62,3.489,buy,293524097
1750516239570,82.62,0.422,buy,293524098
1750516242528,82.6,0.186,sell,293524099
1750516242549,82.59,0.213,sell,293524100
1750516243601,82.59,65.401,buy,293524101
1750516243603,82.59,0.063,buy,293524102
1750516243777,82.6,0.316,buy,293524103
1750516243777,82.61,0.865,buy,293524104
1750516243782,82.61,0.189,buy,293524105
1750516245946,82.62,0.315,buy,293524106
1750516246015,82.63,1.181,buy,293524107
1750516246055,82.63,0.118,buy,293524108
1750516246200,82.63,0.383,buy,293524109
1750516247342,82.64,0.374,buy,293524110
1750516248379,82.64,0.179,sell,293524111
1750516248992,82.65,0.493,buy,293524112
1750516249104,82.65,0.19,buy,293524113
1750516249389,82.65,11.038,sell,293524114
1750516249657,82.66,0.441,buy,293524115
1750516250204,82.67,0.176,buy,293524116
1750516250348,82.67,0.102,buy,293524117
1750516251585,82.67,0.409,buy,293524118
1750516253907,82.67,0.422,buy,293524119
1750516254653,82.67,0.19,buy,293524120
1750516254827,82.68,0.274,buy,293524121
1750516255911,82.68,0.293,buy,293524122
1750516257270,82.69,1.131,buy,293524123
1750516260265,82.68,1.229,sell,293524124
1750516260384,82.67,0.294,sell,293524125
1750516261154,82.67,0.252,buy,293524126
1750516262514,82.68,8.136,buy,293524127
1750516262600,82.68,0.19,buy,293524128
1750516265246,82.68,2.077,sell,293524129
1750516268485,82.68,0.62,sell,293524130
1750516268530,82.69,2.101,buy,293524131
1750516270231,82.68,9.755,sell,293524132
1750516270274,82.68,4.779,sell,293524133
1750516273027,82.69,2.233,buy,293524134
1750516273035,82.7,0.437,buy,293524135
1750516273125,82.71,1.181,buy,293524136
1750516273309,82.7,6.05,sell,293524137
1750516273324,82.7,0.315,sell,293524138
1750516273795,82.69,0.2,sell,293524139
1750516275376,82.7,1.397,buy,293524140
1750516275435,82.7,0.295,buy,293524141
1750516276348,82.69,0.271,sell,293524142
1750516277674,82.7,0.497,buy,293524143
1750516283503,82.69,0.099,sell,293524144
1750516283979,82.69,4.765,sell,293524145
1750516284014,82.68,0.528,sell,293524146
1750516287088,82.68,0.277,buy,293524147
1750516289734,82.68,0.153,buy,293524148
1750516289795,82.68,12.915,buy,293524149
1750516289800,82.68,0.19,buy,293524150
1750516290340,82.69,0.437,buy,293524151
1750516290500,82.7,0.562,buy,293524152
1750516291141,82.7,10.306,sell,293524153
1750516291141,82.7,0.063,sell,293524154
1750516291534,82.69,0.53,sell,293524155
1750516291631,82.69,0.181,sell,293524156
1750516291634,82.68,0.528,sell,293524157
1750516295011,82.68,0.483,buy,293524158
1750516296179,82.67,0.754,sell,293524159
1750516296712,82.68,0.605,buy,293524160
1750516298172,82.67,2.171,sell,293524161
1750516299063,82.68,0.535,buy,293524162
1750516299381,82.68,1.102,sell,293524163
1750516300762,82.68,0.252,sell,293524164
1750516301921,82.68,0.252,buy,293524165
1750516307994,82.68,0.315,sell,293524166
1750516308240,82.67,6.49,sell,293524167
1750516308554,82.68,0.149,buy,293524168
1750516308984,82.67,0.184,sell,293524169
1750516309515,82.66,0.437,sell,293524170
1750516310456,82.65,0.501,sell,293524171
1750516311250,82.65,0.302,buy,293524172
1750516311795,82.65,0.096,buy,293524173
1750516313192,82.64,0.382,sell,293524174
1750516316622,82.63,3,sell,293524175
1750516317029,82.64,0.061,buy,293524176
1750516319094,82.64,25.041,buy,293524177
1750516319094,82.64,0.063,buy,293524178
1750516319493,82.64,0.303,sell,293524179
1750516319666,82.65,0.263,buy,293524180
1750516320435,82.65,0.331,buy,293524181
1750516320754,82.65,10.553,buy,293524182
1750516320775,82.66,11.688,buy,293524183
1750516320775,82.66,0.063,buy,293524184
1750516324886,82.67,0.274,buy,293524185
1750516325121,82.67,0.084,buy,293524186
1750516328799,82.66,3.334,sell,293524187
1750516329343,82.66,0.2,sell,293524188
1750516330529,82.66,36.228,sell,293524189
1750516330538,82.66,0.189,sell,293524190
1750516332997,82.66,1.31,buy,293524191
1750516333035,82.67,0.985,buy,293524192
1750516333035,82.68,0.196,buy,293524193
1750516333594,82.68,0.504,buy,293524194
1750516337926,82.69,0.181,buy,293524195
1750516341900,82.69,0.387,buy,293524196
1750516342107,82.7,0.309,buy,293524197
1750516347156,82.69,2.661,sell,293524198
1750516348054,82.7,0.206,buy,293524199
1750516348792,82.69,0.077,sell,293524200
1750516349004,82.7,0.579,buy,293524201
1750516351913,82.7,0.504,buy,293524202
1750516360295,82.71,0.512,buy,293524203
1750516360295,82.72,0.092,buy,293524204
1750516362800,82.72,0.665,buy,293524205
1750516365415,82.73,0.382,buy,293524206
1750516365996,82.74,0.507,buy,293524207
1750516365996,82.75,0.674,buy,293524208
1750516366042,82.75,0.504,buy,293524209
1750516367102,82.76,9.522,buy,293524210
1750516367141,82.76,0.19,buy,293524211
1750516367231,82.77,1.181,buy,293524212
1750516367302,82.77,0.126,buy,293524213
1750516368260,82.78,0.565,buy,293524214
1750516368264,82.78,0.19,buy,293524215
1750516368264,82.79,0.991,buy,293524216
1750516368292,82.79,0.126,buy,293524217
1750516369100,82.8,0.507,buy,293524218
1750516369213,82.81,1.181,buy,293524219
1750516369330,82.81,0.126,buy,293524220
1750516369475,82.81,0.113,sell,293524221
1750516369600,82.82,1.958,buy,293524222
1750516369952,82.82,1.514,buy,293524223
1750516371917,82.82,0.343,buy,293524224
1750516372300,82.82,0.253,buy,293524225
1750516372396,82.82,0.482,sell,293524226
1750516373294,82.83,0.7,buy,293524227
1750516373295,82.83,0.255,buy,293524228
1750516373908,82.84,0.628,buy,293524229
1750516374009,82.85,0.835,buy,293524230
1750516375297,82.85,0.501,buy,293524231
1750516375588,82.86,3.332,buy,293524232
1750516375588,82.86,20.477,buy,293524233
1750516375588,82.87,49.97,buy,293524234
1750516375588,82.87,48.553,buy,293524235
1750516379492,82.87,2.423,sell,293524236
1750516379494,82.87,16.875,sell,293524237
1750516380701,82.88,169.592,buy,293524238
1750516380707,82.88,0.063,buy,293524239
1750516381832,82.88,16.629,sell,293524240
1750516381832,82.88,4.537,sell,293524241
1750516381940,82.87,1.181,sell,293524242
1750516382107,82.87,2.679,sell,293524243
1750516382270,82.86,0.601,sell,293524244
1750516382270,82.85,0.58,sell,293524245
1750516382757,82.86,0.16,buy,293524246
1750516383477,82.85,0.121,sell,293524247
1750516384796,82.85,1.245,buy,293524248
1750516389095,82.85,0.153,buy,293524249
1750516390381,82.85,0.252,buy,293524250
1750516390610,82.86,0.454,buy,293524251
1750516390801,82.86,0.5,buy,293524252
1750516390945,82.87,0.436,buy,293524253
1750516393500,82.86,0.185,sell,293524254
1750516393536,82.85,0.121,sell,293524255
1750516393623,82.85,0.253,buy,293524256
1750516394407,82.85,0.273,buy,293524257
1750516394695,82.85,0.776,buy,293524258
1750516395706,82.85,41.339,buy,293524259
1750516395706,82.85,0.063,buy,293524260
1750516395710,82.86,0.406,buy,293524261
1750516399214,82.87,0.5,buy,293524262
1750516399481,82.88,18.62,buy,293524263
1750516399481,82.88,5.001,buy,293524264
1750516399481,82.89,61.571,buy,293524265
1750516399483,82.89,0.19,buy,293524266
1750516399753,82.89,5.006,sell,293524267
1750516400197,82.9,1.518,buy,293524268
1750516401085,82.9,0.126,buy,293524269
1750516404165,82.91,2.4,buy,293524270
1750516405307,82.9,0.252,buy,293524271
1750516408263,82.91,0.482,buy,293524272
1750516409800,82.91,0.145,buy,293524273
1750516410774,82.91,0.131,buy,293524274
1750516411742,82.91,0.205,buy,293524275
1750516413600,82.91,0.379,buy,293524276
1750516414822,82.91,0.1,sell,293524277
1750516414858,82.92,9.9,buy,293524278
1750516414908,82.92,1.857,buy,293524279
1750516420452,82.92,19.988,sell,293524280
1750516420522,82.91,0.121,sell,293524281
1750516421144,82.9,1.181,sell,293524282
1750516421169,82.9,1.181,sell,293524283
1750516424503,82.91,0.737,buy,293524284
1750516425191,82.91,0.062,buy,293524285
1750516430033,82.91,0.219,buy,293524286
1750516431136,82.91,1.346,buy,293524287
1750516433711,82.91,10.317,buy,293524288
1750516433950,82.91,0.126,buy,293524289
1750516434928,82.91,6.093,sell,293524290
1750516436893,82.91,0.212,buy,293524291
1750516437085,82.91,0.8,buy,293524292
1750516443028,82.91,9.556,buy,293524293
1750516443223,82.9,25.749,sell,293524294
1750516443344,82.89,1.181,sell,293524295
1750516445244,82.89,0.252,buy,293524296
1750516445508,82.9,0.5,buy,293524297
1750516446563,82.91,0.436,buy,293524298
1750516448966,82.92,0.362,buy,293524299
1750516458200,82.92,0.379,buy,293524300
1750516463080,82.93,3.351,buy,293524301
1750516463125,82.94,0.567,buy,293524302
1750516463125,82.95,9.35,buy,293524303
1750516467853,82.95,0.074,buy,293524304
1750516468392,82.94,0.094,sell,293524305
1750516471795,82.94,0.062,sell,293524306
1750516472329,82.95,0.749,buy,293524307
1750516472398,82.96,0.507,buy,293524308
1750516475000,82.97,0.5,buy,293524309
1750516476483,82.97,0.284,sell,293524310
1750516476629,82.98,0.442,buy,293524311
1750516477600,82.98,0.96,buy,293524312
1750516478002,82.98,22.757,buy,293524313
1750516478002,82.99,26.891,buy,293524314
1750516478002,82.99,0.932,buy,293524315
1750516478130,83,1.181,buy,293524316
1750516478201,82.99,24.836,sell,293524317
1750516478289,82.98,0.091,sell,293524318
1750516479655,82.98,0.08,buy,293524319
1750516481246,82.98,9.906,buy,293524320
1750516482091,82.98,0.252,buy,293524321
1750516483206,82.98,0.237,buy,293524322
1750516483693,82.98,0.501,buy,293524323
1750516484435,82.98,0.797,buy,293524324
1750516484604,82.99,1.642,buy,293524325
1750516484606,82.99,0.063,buy,293524326
1750516486301,83,0.258,buy,293524327
1750516486327,83,1.15,buy,293524328
1750516487464,83.01,0.084,buy,293524329
1750516488040,83.01,0.999,buy,293524330
1750516488053,83.01,0.063,buy,293524331
1750516488998,83.02,0.516,buy,293524332
1750516489100,83.02,0.19,buy,293524333
1750516491087,83.02,1.902,sell,293524334
1750516494200,83.03,0.379,buy,293524335
1750516495038,83.04,1.181,buy,293524336
1750516496114,83.03,28.489,sell,293524337
1750516496423,83.03,0.174,buy,293524338
1750516497334,83.03,0.091,buy,293524339
1750516500641,83.03,0.12,buy,293524340
1750516501558,83.02,14.974,sell,293524341
1750516501700,83.01,0.121,sell,293524342
1750516501992,83,7.08,sell,293524343
1750516501993,83,28.64,sell,293524344
1750516501993,83,7.55,sell,293524345
1750516503583,83.01,0.783,buy,293524346
1750516503741,83,0.235,sell,293524347
1750516504823,83.01,0.21,buy,293524348
1750516505471,83.01,7.273,buy,293524349
1750516506672,83.01,2.163,buy,293524350
1750516511734,83.01,0.137,buy,293524351
1750516513809,83.01,1.877,buy,293524352
1750516516447,83.01,0.399,buy,293524353
1750516517671,83.01,1.674,buy,293524354
1750516518323,83,2.775,sell,293524355
1750516520211,82.99,6.208,sell,293524356
1750516520297,82.98,0.158,sell,293524357
1750516520314,82.97,1.181,sell,293524358
1750516521401,82.98,0.315,buy,293524359
1750516527266,82.99,1.204,buy,293524360
1750516527330,82.99,0.126,buy,293524361
1750516529903,82.99,0.422,sell,293524362
1750516530132,82.99,0.417,sell,293524363
1750516532201,82.99,0.158,buy,293524364
1750516533408,82.99,0.273,buy,293524365
1750516536864,82.99,0.315,buy,293524366
1750516539378,83,0.5,buy,293524367
1750516540442,83.01,3.698,buy,293524368
1750516540460,83.01,1.268,sell,293524369
1750516540663,83.02,0.436,buy,293524370
1750516549149,83.03,0.75,buy,293524371
1750516549371,83.04,0.503,buy,293524372
1750516556417,83.05,0.618,buy,293524373
1750516558705,83.04,0.198,sell,293524374
1750516559707,83.04,1.176,sell,293524375
1750516559936,83.04,0.963,sell,293524376
1750516560275,83.05,0.784,buy,293524377
1750516560561,83.04,0.12,sell,293524378
1750516561091,83.05,0.494,buy,293524379
1750516561822,83.04,0.109,sell,293524380
1750516562723,83.05,0.361,buy,293524381
1750516564064,83.04,0.162,sell,293524382
1750516564300,83.05,3.832,buy,293524383
1750516565521,83.05,1.19,sell,293524384
1750516565804,83.06,9.609,buy,293524385
1750516565899,83.07,7.105,buy,293524386
1750516566504,83.08,0.232,buy,293524387
1750516568113,83.08,2.534,buy,293524388
1750516568114,83.08,0.063,buy,293524389
1750516568163,83.09,12.439,buy,293524390
1750516568163,83.09,0.063,buy,293524391
1750516569029,83.1,23.489,buy,293524392
1750516569034,83.1,11.707,buy,293524393
1750516571741,83.1,2.79,sell,293524394
1750516572666,83.11,0.21,buy,293524395
1750516573094,83.11,0.648,buy,293524396
1750516573096,83.12,0.564,buy,293524397
1750516573100,83.12,0.375,sell,293524398
1750516573100,83.12,0.977,sell,293524399
1750516573132,83.13,0.794,buy,293524400
1750516573144,83.14,1.439,buy,293524401
1750516573218,83.14,1.568,buy,293524402
1750516573943,83.12,0.499,sell,293524403
1750516573943,83.11,0.682,sell,293524404
1750516573951,83.11,1.181,sell,293524405
1750516573959,83.11,1.181,sell,293524406
1750516573997,83.11,1.181,sell,293524407
1750516574002,83.11,1.181,sell,293524408
1750516574020,83.11,1.181,sell,293524409
1750516574020,83.11,4,sell,293524410
1750516574036,83.11,1.181,sell,293524411
1750516574042,83.11,1.181,sell,293524412
1750516574081,83.11,1.181,sell,293524413
1750516574090,83.11,1.181,sell,293524414
1750516574099,83.11,1.181,sell,293524415
1750516574107,83.11,1.181,sell,293524416
1750516574121,83.11,1.181,sell,293524417
1750516574134,83.11,1.181,sell,293524418
1750516574138,83.11,1.181,sell,293524419
1750516574164,83.11,1.181,sell,293524420
1750516574166,83.11,0.182,sell,293524421
1750516576393,83.11,0.189,buy,293524422
1750516577606,83.12,0.462,buy,293524423
1750516579416,83.12,0.315,buy,293524424
1750516580665,83.12,0.317,sell,293524425
1750516581928,83.12,0.41,buy,293524426
1750516582242,83.12,0.252,buy,293524427
1750516582931,83.13,28.263,buy,293524428
1750516582932,83.14,172.137,buy,293524429
1750516582933,83.14,0.063,buy,293524430
1750516582933,83.15,75,buy,293524431
1750516582933,83.15,36.398,buy,293524432
1750516582934,83.16,10,buy,293524433
1750516582935,83.16,39.653,buy,293524434
1750516583006,83.17,0.498,buy,293524435
1750516583027,83.18,0.833,buy,293524436
1750516583151,83.19,2.71,buy,293524437
1750516583285,83.19,3.222,buy,293524438
1750516583292,83.19,5.42,buy,293524439
1750516583299,83.19,12.167,buy,293524440
1750516583318,83.19,0.599,buy,293524441
1750516583418,83.19,0.184,buy,293524442
1750516583426,83.19,0.061,buy,293524443
1750516583475,83.18,0.241,sell,293524444
1750516583817,83.19,0.599,buy,293524445
1750516584317,83.19,0.599,buy,293524446
1750516584818,83.19,0.599,buy,293524447
1750516585319,83.19,0.599,buy,293524448
1750516587418,83.18,0.107,sell,293524449
1750516587834,83.17,1.181,sell,293524450
1750516587854,83.17,1.181,sell,293524451
1750516588152,83.17,0.064,sell,293524452
1750516588152,83.16,34.548,sell,293524453
1750516588152,83.15,25.541,sell,293524454
1750516588152,83.14,44.824,sell,293524455
1750516588153,83.14,0.064,sell,293524456
1750516588159,83.13,6.015,sell,293524457
1750516588211,83.14,23.145,buy,293524458
1750516588224,83.13,3.543,sell,293524459
1750516588260,83.14,0.189,buy,293524460
1750516588805,83.14,1.181,sell,293524461
1750516589014,83.13,1.181,sell,293524462
1750516589040,83.13,1.181,sell,293524463
1750516589776,83.13,1.181,sell,293524464
1750516589842,83.13,1.181,sell,293524465
1750516589866,83.13,1.181,sell,293524466
1750516589887,83.13,0.064,sell,293524467
1750516589896,83.12,0.578,sell,293524468
1750516589920,83.12,2.298,sell,293524469
1750516591579,83.12,0.518,sell,293524470
1750516592500,83.12,0.064,sell,293524471
1750516594327,83.12,0.461,buy,293524472
1750516594811,83.13,0.132,buy,293524473
1750516595385,83.13,0.121,buy,293524474
1750516595940,83.12,3.245,sell,293524475
1750516598880,83.11,0.185,sell,293524476
1750516598880,83.1,0.996,sell,293524477
1750516600377,83.1,0.188,sell,293524478
1750516601355,83.09,0.161,sell,293524479
1750516602292,83.1,0.204,buy,293524480
1750516605309,83.1,0.253,buy,293524481
1750516606770,83.1,1.181,sell,293524482
1750516606990,83.1,1.181,sell,293524483
1750516607011,83.1,1.181,sell,293524484
1750516607019,83.1,1.181,sell,293524485
1750516607028,83.1,1.181,sell,293524486
1750516607042,83.1,1.181,sell,293524487
1750516607063,83.1,1.181,sell,293524488
1750516607084,83.1,1.181,sell,293524489
1750516607105,83.1,1.181,sell,293524490
1750516607118,83.1,1.181,sell,293524491
1750516607787,83.1,1.181,sell,293524492
1750516607811,83.1,1.181,sell,293524493
1750516607817,83.1,0.644,sell,293524494
1750516608014,83.09,1.718,sell,293524495
1750516611691,83.1,0.555,buy,293524496
1750516613648,83.11,0.84,buy,293524497
1750516614035,83.11,35.106,buy,293524498
1750516614035,83.12,32.156,buy,293524499
1750516614359,83.12,1.535,buy,293524500
1750516615654,83.12,0.351,buy,293524501
1750516615870,83.12,0.582,buy,293524502
1750516616029,83.11,2.224,sell,293524503
1750516617905,83.1,1.181,sell,293524504
1750516621311,83.1,3.162,buy,293524505
1750516622695,83.1,0.12,buy,293524506
1750516623302,83.1,3.22,buy,293524507
1750516625666,83.1,0.15,buy,293524508
1750516626353,83.1,0.756,buy,293524509
1750516627900,83.1,1.443,buy,293524510
1750516631568,83.09,0.73,sell,293524511
1750516635843,83.1,1.656,buy,293524512
1750516638639,83.09,0.774,sell,293524513
1750516638639,83.08,0.407,sell,293524514
1750516639898,83.07,0.131,sell,293524515
1750516639913,83.06,1.05,sell,293524516
1750516641106,83.07,0.178,buy,293524517
1750516643592,83.07,0.385,buy,293524518
1750516646142,83.07,0.063,buy,293524519
1750516647418,83.07,0.08,buy,293524520
1750516650499,83.06,6.95,sell,293524521
1750516650658,83.07,0.141,buy,293524522
1750516653996,83.06,0.376,sell,293524523
1750516658219,83.07,0.253,buy,293524524
1750516662699,83.06,0.964,sell,293524525
1750516664242,83.07,0.332,buy,293524526
1750516665142,83.06,0.299,sell,293524527
1750516666319,83.07,0.168,buy,293524528
1750516667696,83.06,3.456,sell,293524529
1750516669699,83.06,0.123,sell,293524530
1750516670963,83.07,3.639,buy,293524531
1750516671266,83.06,0.38,sell,293524532
1750516671863,83.07,2.084,buy,293524533
1750516674097,83.06,12.039,sell,293524534
1750516674164,83.05,0.343,sell,293524535
1750516674231,83.04,0.28,sell,293524536
1750516674344,83.03,0.131,sell,293524537
1750516674424,83.02,1.888,sell,293524538
1750516674495,83.02,0.064,sell,293524539
1750516675899,83.02,8.366,buy,293524540
1750516675900,83.02,0.063,buy,293524541
1750516676685,83.02,36.461,sell,293524542
1750516677028,83.03,4.499,buy,293524543
1750516677221,83.03,0.126,buy,293524544
1750516678173,83.03,1.087,sell,293524545
1750516679312,83.04,0.425,buy,293524546
1750516680074,83.02,1.181,sell,293524547
1750516684042,83.03,0.315,buy,293524548
1750516684320,83.04,0.734,buy,293524549
1750516684797,83.04,3.614,buy,293524550
1750516686013,83.03,1.181,sell,293524551
1750516686020,83.03,0.071,sell,293524552
1750516686140,83.02,1.181,sell,293524553
1750516686292,83.02,0.19,sell,293524554
1750516686518,83.03,0.093,buy,293524555
1750516690019,83.02,0.117,sell,293524556
1750516690205,83.02,13.191,sell,293524557
1750516690290,83.01,0.158,sell,293524558
1750516690322,83,2.362,sell,293524559
1750516691697,83,0.39,sell,293524560
1750516692514,83.01,1.119,buy,293524561
1750516693011,83.01,0.385,buy,293524562
1750516693200,83,0.064,sell,293524563
1750516695423,82.99,1.217,sell,293524564
1750516697312,82.98,0.283,sell,293524565
1750516697328,82.97,1.181,sell,293524566
1750516697379,82.98,1.051,buy,293524567
1750516700375,82.97,0.866,buy,293524568
1750516701154,82.97,0.189,buy,293524569
1750516704667,82.98,0.29,buy,293524570
1750516705028,82.97,0.126,sell,293524571
1750516706802,82.96,0.487,sell,293524572
1750516707955,82.97,0.285,buy,293524573
1750516707960,82.97,1.126,buy,293524574
1750516709392,82.97,0.463,buy,293524575
1750516711261,82.97,2.289,buy,293524576
1750516711457,82.97,0.685,buy,293524577
1750516720258,82.96,10.823,sell,293524578
1750516722366,82.97,0.539,buy,293524579
1750516725703,82.96,0.158,sell,293524580
1750516728338,82.96,14.156,sell,293524581
1750516731181,82.97,0.357,buy,293524582
