timestamp,price,quantity,side,tradeId
1750550400556,80.23,4.7,buy,293571261
1750550400558,80.23,0.058,buy,293571262
1750550400621,80.23,0.3,sell,293571263
1750550401197,80.24,0.26,buy,293571264
1750550401204,80.25,0.519,buy,293571265
1750550401205,80.26,11.654,buy,293571266
1750550401206,80.26,8.329,buy,293571267
1750550401207,80.26,1.185,buy,293571268
1750550401208,80.27,3.922,buy,293571269
1750550401208,80.27,10.054,buy,293571270
1750550401209,80.27,3.922,buy,293571271
1750550401209,80.27,6.013,buy,293571272
1750550401210,80.27,2.59,buy,293571273
1750550401212,80.28,5.383,buy,293571274
1750550401213,80.28,9.184,buy,293571275
1750550401213,80.28,5.023,buy,293571276
1750550401213,80.28,31.64,buy,293571277
1750550401226,80.28,3.959,buy,293571278
1750550401311,80.27,13.865,sell,293571279
1750550401313,80.28,0.298,buy,293571280
1750550401316,80.27,5.94,sell,293571281
1750550401361,80.27,13.646,sell,293571282
1750550401377,80.26,3.229,sell,293571283
1750550401455,80.26,6.27,sell,293571284
1750550403362,80.25,2.906,sell,293571285
1750550404979,80.24,0.189,sell,293571286
1750550405040,80.25,3.5,buy,293571287
1750550405054,80.25,0.13,buy,293571288
1750550405331,80.26,0.385,buy,293571289
1750550405413,80.27,0.2,buy,293571290
1750550405417,80.27,0.125,buy,293571291
1750550405422,80.28,0.45,buy,293571292
1750550405542,80.29,10.245,buy,293571293
1750550405543,80.29,0.205,buy,293571294
1750550405554,80.3,10.518,buy,293571295
1750550405621,80.31,3.496,buy,293571296
1750550405626,80.31,0.13,buy,293571297
1750550405677,80.32,6.152,buy,293571298
1750550405678,80.32,5.928,buy,293571299
1750550405777,80.32,6.27,sell,293571300
1750550405852,80.31,0.249,sell,293571301
1750550406530,80.31,6.27,buy,293571302
1750550406530,80.31,5.028,buy,293571303
1750550406532,80.31,0.065,buy,293571304
1750550406693,80.32,8.255,buy,293571305
1750550406697,80.32,0.065,buy,293571306
1750550406699,80.32,3.592,buy,293571307
1750550406701,80.32,4.468,buy,293571308
1750550406851,80.32,23.765,sell,293571309
1750550406851,80.31,63.452,sell,293571310
1750550406851,80.3,61.302,sell,293571311
1750550406851,80.29,36.284,sell,293571312
1750550406852,80.3,10.7,buy,293571313
1750550406855,80.31,0.13,buy,293571314
1750550406855,80.31,9.21,buy,293571315
1750550406855,80.31,0.13,buy,293571316
1750550406856,80.31,9.275,buy,293571317
1750550406858,80.32,5.393,buy,293571318
1750550406859,80.32,0.13,buy,293571319
1750550406978,80.33,1.192,buy,293571320
1750550407603,80.31,0.219,sell,293571321
1750550407650,80.3,14.582,sell,293571322
1750550407911,80.3,3.5,buy,293571323
1750550407916,80.3,3.257,buy,293571324
1750550407931,80.3,0.137,buy,293571325
1750550407943,80.3,0.143,buy,293571326
1750550408013,80.3,1.224,buy,293571327
1750550408016,80.3,6.621,buy,293571328
1750550408135,80.31,1.789,buy,293571329
1750550408160,80.31,0.195,buy,293571330
1750550408164,80.32,8.315,buy,293571331
1750550408171,80.33,16.875,buy,293571332
1750550408172,80.33,0.479,buy,293571333
1750550408174,80.34,4.117,buy,293571334
1750550408174,80.34,9.235,buy,293571335
1750550408178,80.35,1.603,buy,293571336
1750550408223,80.36,0.069,buy,293571337
1750550408245,80.36,1.181,buy,293571338
1750550408794,80.35,3.983,buy,293571339
1750550408796,80.35,4.276,buy,293571340
1750550408796,80.35,4.276,buy,293571341
1750550408808,80.35,3.64,buy,293571342
1750550408899,80.35,0.195,buy,293571343
1750550408997,80.36,6.754,buy,293571344
1750550409043,80.36,15.553,buy,293571345
1750550409047,80.36,1.322,buy,293571346
1750550409098,80.36,0.195,buy,293571347
1750550409764,80.37,0.407,buy,293571348
1750550409853,80.38,1.181,buy,293571349
1750550409866,80.38,0.13,buy,293571350
1750550410622,80.38,0.248,sell,293571351
1750550410715,80.38,1.084,sell,293571352
1750550410939,80.38,3.11,sell,293571353
1750550411033,80.37,0.125,sell,293571354
1750550411104,80.36,17.595,sell,293571355
1750550411745,80.35,0.978,sell,293571356
1750550411901,80.34,10.609,sell,293571357
1750550412050,80.33,0.125,sell,293571358
1750550412261,80.32,0.125,sell,293571359
1750550414126,80.32,4.128,buy,293571360
1750550415405,80.32,9.753,buy,293571361
1750550415669,80.33,3.5,buy,293571362
1750550415676,80.33,3.537,buy,293571363
1750550415701,80.33,0.39,buy,293571364
1750550416196,80.33,15.507,buy,293571365
1750550416198,80.34,0.45,buy,293571366
1750550416238,80.35,0.544,buy,293571367
1750550416238,80.36,0.663,buy,293571368
1750550416863,80.35,0.189,sell,293571369
1750550417088,80.35,0.126,sell,293571370
1750550417112,80.35,0.126,sell,293571371
1750550417665,80.35,0.251,sell,293571372
1750550418547,80.35,0.569,sell,293571373
1750550419816,80.35,10,buy,293571374
1750550421508,80.34,4.466,sell,293571375
1750550421887,80.33,0.125,sell,293571376
1750550421968,80.32,0.125,sell,293571377
1750550422137,80.31,12.569,sell,293571378
1750550422474,80.31,0.125,buy,293571379
1750550423448,80.31,6.932,buy,293571380
1750550423449,80.31,2.434,buy,293571381
1750550423454,80.32,0.32,buy,293571382
1750550423546,80.33,0.544,buy,293571383
1750550424564,80.34,5,buy,293571384
1750550424579,80.34,0.13,buy,293571385
1750550424861,80.35,0.45,buy,293571386
1750550424912,80.36,0.32,buy,293571387
1750550426378,80.36,0.524,sell,293571388
1750550428627,80.36,0.479,sell,293571389
1750550428630,80.35,28.125,sell,293571390
1750550428943,80.34,0.125,sell,293571391
1750550429147,80.33,8.624,buy,293571392
1750550429178,80.34,4,buy,293571393
1750550429541,80.34,0.13,buy,293571394
1750550429723,80.35,5,buy,293571395
1750550429727,80.35,3.51,buy,293571396
1750550429727,80.36,0.175,buy,293571397
1750550430402,80.35,0.587,sell,293571398
1750550431010,80.32,15.107,sell,293571399
1750550431010,80.31,7.705,sell,293571400
1750550431585,80.32,3.459,buy,293571401
1750550432366,80.3,1.344,sell,293571402
1750550432433,80.29,0.094,sell,293571403
1750550432437,80.28,1.867,sell,293571404
1750550432486,80.29,0.26,buy,293571405
1750550432538,80.3,5.951,buy,293571406
1750550432952,80.3,5.173,buy,293571407
1750550433849,80.29,29.224,sell,293571408
1750550433982,80.29,7.955,buy,293571409
1750550434865,80.28,0.068,sell,293571410
1750550434891,80.29,10.821,buy,293571411
1750550435001,80.29,0.13,buy,293571412
1750550435734,80.3,0.26,buy,293571413
1750550435734,80.31,0.113,buy,293571414
1750550436296,80.31,2.09,buy,293571415
1750550437307,80.29,15.501,buy,293571416
1750550437307,80.29,7.102,buy,293571417
1750550437684,80.3,0.195,buy,293571418
1750550437749,80.31,0.26,buy,293571419
1750550438788,80.31,10.379,buy,293571420
1750550438790,80.31,0.065,buy,293571421
1750550439715,80.32,0.385,buy,293571422
1750550439739,80.32,0.13,buy,293571423
1750550440134,80.33,8.992,buy,293571424
1750550440347,80.33,1.253,sell,293571425
1750550440433,80.34,0.068,buy,293571426
1750550441841,80.33,0.144,sell,293571427
1750550442879,80.33,1.829,buy,293571428
1750550443271,80.32,12.65,sell,293571429
1750550443271,80.32,6.926,sell,293571430
1750550443431,80.31,12.12,sell,293571431
1750550443431,80.3,0.33,sell,293571432
1750550443434,80.3,27.187,sell,293571433
1750550443434,80.29,18.12,sell,293571434
1750550443434,80.28,4.533,sell,293571435
1750550443436,80.29,0.16,buy,293571436
1750550443436,80.29,5.266,buy,293571437
1750550443436,80.29,0.195,buy,293571438
1750550443573,80.3,2.987,sell,293571439
1750550444230,80.3,1.652,sell,293571440
1750550444231,80.3,1.32,sell,293571441
1750550444365,80.31,22.127,buy,293571442
1750550444417,80.32,4,buy,293571443
1750550444444,80.32,7.7,buy,293571444
1750550445172,80.33,0.811,buy,293571445
1750550445643,80.33,0.156,buy,293571446
1750550448031,80.33,5.801,buy,293571447
1750550448269,80.33,1.064,buy,293571448
1750550448274,80.34,5.312,buy,293571449
1750550448274,80.34,7.391,buy,293571450
1750550449292,80.33,0.125,sell,293571451
1750550449483,80.32,0.125,sell,293571452
1750550449988,80.31,0.125,sell,293571453
1750550449990,80.3,14.188,sell,293571454
1750550450725,80.29,0.125,sell,293571455
1750550450964,80.29,0.413,buy,293571456
1750550451063,80.28,0.194,sell,293571457
1750550451201,80.28,12.982,buy,293571458
1750550451201,80.29,18.422,buy,293571459
1750550453284,80.27,8.325,sell,293571460
1750550453294,80.26,3.901,sell,293571461
1750550454157,80.25,0.125,sell,293571462
1750550455620,80.24,0.194,sell,293571463
1750550456054,80.24,0.062,buy,293571464
1750550456106,80.23,0.125,sell,293571465
1750550456545,80.22,0.293,sell,293571466
1750550456736,80.21,0.151,sell,293571467
1750550456749,80.22,0.448,buy,293571468
1750550457142,80.21,6.139,sell,293571469
1750550457247,80.2,0.294,sell,293571470
1750550457290,80.19,0.288,sell,293571471
1750550457434,80.18,0.189,sell,293571472
1750550458803,80.19,0.574,buy,293571473
1750550458991,80.19,0.117,buy,293571474
1750550459184,80.19,1.87,buy,293571475
1750550460027,80.19,0.457,buy,293571476
1750550460095,80.2,0.325,buy,293571477
1750550460115,80.21,1.251,buy,293571478
1750550460148,80.21,0.693,buy,293571479
1750550460621,80.2,3.717,buy,293571480
1750550460621,80.2,0.065,buy,293571481
1750550460629,80.21,0.349,buy,293571482
1750550460635,80.22,5.082,buy,293571483
1750550460640,80.23,11.374,buy,293571484
1750550460681,80.23,0.26,buy,293571485
1750550460768,80.24,2.658,buy,293571486
1750550460777,80.24,1.342,buy,293571487
1750550460931,80.24,0.13,buy,293571488
1750550461007,80.25,0.32,buy,293571489
1750550461161,80.26,0.32,buy,293571490
1750550461624,80.27,0.45,buy,293571491
1750550461677,80.28,3.31,buy,293571492
1750550461677,80.29,0.383,buy,293571493
1750550461677,80.3,5.83,buy,293571494
1750550462375,80.29,0.212,sell,293571495
1750550462442,80.28,4.125,sell,293571496
1750550462445,80.27,0.219,sell,293571497
1750550462509,80.27,27.499,buy,293571498
1750550462509,80.26,0.219,sell,293571499
1750550462640,80.25,4.125,sell,293571500
1750550462825,80.25,6.231,buy,293571501
1750550462826,80.25,23.49,buy,293571502
1750550462902,80.25,8.125,buy,293571503
1750550463376,80.26,0.32,buy,293571504
1750550463379,80.26,0.065,buy,293571505
1750550463385,80.27,0.26,buy,293571506
1750550463407,80.27,0.139,buy,293571507
1750550463581,80.27,1.77,buy,293571508
1750550463582,80.27,0.057,buy,293571509
1750550463658,80.28,0.26,buy,293571510
1750550463978,80.29,3.518,buy,293571511
1750550463979,80.29,3.606,buy,293571512
1750550463980,80.29,2.138,buy,293571513
1750550464173,80.3,0.1,buy,293571514
1750550464275,80.3,0.35,buy,293571515
1750550465881,80.3,7.538,buy,293571516
1750550465882,80.3,0.065,buy,293571517
1750550466100,80.31,0.45,buy,293571518
1750550466188,80.32,0.454,buy,293571519
1750550466188,80.33,0.323,buy,293571520
1750550466682,80.32,0.195,buy,293571521
1750550469097,80.3,0.252,sell,293571522
1750550470402,80.3,0.125,sell,293571523
1750550470404,80.29,8.125,sell,293571524
1750550471495,80.28,0.125,sell,293571525
1750550473795,80.28,6.32,buy,293571526
1750550473796,80.28,0.059,buy,293571527
1750550474453,80.28,0.199,sell,293571528
1750550474698,80.27,0.125,sell,293571529
1750550475145,80.27,7.207,buy,293571530
1750550476388,80.28,4.634,buy,293571531
1750550476388,80.28,0.065,buy,293571532
1750550476557,80.29,0.354,buy,293571533
1750550477485,80.28,0.132,sell,293571534
1750550477485,80.27,7.321,sell,293571535
1750550477897,80.27,0.086,sell,293571536
1750550477959,80.27,0.125,sell,293571537
1750550478788,80.26,0.063,sell,293571538
1750550480516,80.26,0.719,sell,293571539
1750550480607,80.25,3.811,sell,293571540
1750550482375,80.24,3.125,sell,293571541
1750550482510,80.23,0.125,sell,293571542
1750550482844,80.22,0.092,sell,293571543
1750550483427,80.22,0.096,sell,293571544
1750550483559,80.21,8.618,sell,293571545
1750550483575,80.21,6.638,sell,293571546
1750550484170,80.2,0.188,sell,293571547
1750550484173,80.19,36.644,sell,293571548
1750550484238,80.18,2.746,sell,293571549
1750550484251,80.18,1.181,sell,293571550
1750550484665,80.19,0.2,buy,293571551
1750550486099,80.19,3.665,buy,293571552
1750550486251,80.2,0.325,buy,293571553
1750550486959,80.2,0.183,sell,293571554
1750550487302,80.2,0.173,sell,293571555
1750550492341,80.2,3.5,buy,293571556
1750550492347,80.2,3.149,buy,293571557
1750550492364,80.2,0.13,buy,293571558
1750550492432,80.21,0.45,buy,293571559
1750550492434,80.22,0.544,buy,293571560
1750550492443,80.23,0.544,buy,293571561
1750550492443,80.24,5.689,buy,293571562
1750550492471,80.24,4,buy,293571563
1750550492608,80.24,2.514,buy,293571564
1750550492608,80.24,2.514,buy,293571565
1750550492608,80.24,2.514,buy,293571566
1750550492608,80.24,2.514,buy,293571567
1750550492608,80.24,1.389,buy,293571568
1750550492608,80.25,1.125,buy,293571569
1750550492609,80.25,2.514,buy,293571570
1750550492609,80.25,2.514,buy,293571571
1750550492609,80.25,2.514,buy,293571572
1750550493082,80.25,3.401,buy,293571573
1750550494844,80.26,29.521,buy,293571574
1750550495204,80.25,0.38,sell,293571575
1750550496054,80.25,0.364,buy,293571576
1750550496852,80.24,0.682,sell,293571577
1750550497011,80.23,0.125,sell,293571578
1750550497098,80.22,1.48,sell,293571579
1750550498129,80.21,0.125,sell,293571580
1750550499033,80.21,0.3,buy,293571581
1750550499992,80.2,0.194,sell,293571582
1750550500103,80.19,12.509,sell,293571583
1750550500972,80.18,15.275,sell,293571584
1750550501197,80.18,12.232,buy,293571585
1750550501198,80.18,0.065,buy,293571586
1750550503970,80.18,0.415,sell,293571587
1750550504429,80.19,3.5,buy,293571588
1750550504430,80.19,2.114,buy,293571589
1750550504893,80.2,0.45,buy,293571590
1750550507298,80.21,4.754,buy,293571591
1750550507732,80.22,0.45,buy,293571592
1750550508918,80.23,0.776,buy,293571593
1750550511185,80.22,0.511,buy,293571594
1750550513203,80.22,3.27,buy,293571595
1750550513345,80.23,2.83,buy,293571596
1750550513788,80.24,0.394,buy,293571597
1750550513976,80.25,0.45,buy,293571598
1750550513976,80.26,0.399,buy,293571599
1750550515417,80.26,3.279,buy,293571600
1750550515419,80.26,2.042,buy,293571601
1750550515441,80.27,0.253,buy,293571602
1750550515454,80.27,0.181,buy,293571603
1750550515473,80.27,0.404,buy,293571604
1750550515475,80.27,0.065,buy,293571605
1750550515642,80.28,0.389,buy,293571606
1750550515728,80.28,0.13,buy,293571607
1750550516369,80.29,0.519,buy,293571608
1750550516369,80.3,11.382,buy,293571609
1750550516373,80.3,0.381,buy,293571610
1750550516424,80.31,0.414,buy,293571611
1750550516717,80.31,5.833,sell,293571612
1750550516769,80.3,15.523,sell,293571613
1750550517017,80.28,0.349,sell,293571614
1750550517500,80.27,0.394,sell,293571615
1750550519004,80.26,9.223,sell,293571616
1750550519167,80.25,0.125,sell,293571617
1750550519760,80.24,0.125,sell,293571618
1750550520242,80.23,0.125,sell,293571619
1750550520456,80.23,3.5,buy,293571620
1750550520463,80.23,0.761,buy,293571621
1750550520622,80.24,0.32,buy,293571622
1750550520623,80.24,0.065,buy,293571623
1750550520989,80.25,0.826,buy,293571624
1750550521067,80.26,0.385,buy,293571625
1750550521432,80.26,10.219,sell,293571626
1750550521882,80.26,3.243,buy,293571627
1750550521883,80.26,0.287,buy,293571628
1750550522154,80.26,12.46,sell,293571629
1750550522155,80.26,4.54,sell,293571630
1750550522155,80.25,45.33,sell,293571631
1750550522155,80.25,12.47,sell,293571632
1750550522274,80.25,0.996,sell,293571633
1750550522396,80.25,1.496,sell,293571634
1750550523039,80.25,16.23,buy,293571635
1750550523123,80.26,0.45,buy,293571636
1750550523269,80.27,0.757,buy,293571637
1750550523728,80.27,3.5,buy,293571638
1750550526175,80.26,1.181,buy,293571639
1750550526193,80.26,1.181,buy,293571640
1750550526280,80.26,3.505,buy,293571641
1750550526406,80.26,0.195,buy,293571642
1750550526422,80.27,2.499,buy,293571643
1750550528199,80.27,4.973,buy,293571644
1750550528212,80.27,0.13,buy,293571645
1750550528357,80.28,2.232,buy,293571646
1750550529326,80.27,12.226,buy,293571647
1750550529346,80.27,0.13,buy,293571648
1750550529468,80.28,0.255,buy,293571649
1750550529560,80.29,0.385,buy,293571650
1750550529562,80.29,0.065,buy,293571651
1750550530682,80.28,0.125,sell,293571652
1750550532368,80.27,3.504,buy,293571653
1750550533300,80.26,0.125,sell,293571654
1750550533408,80.25,3.125,sell,293571655
1750550533521,80.24,0.188,sell,293571656
1750550534272,80.24,5.352,buy,293571657
1750550534284,80.23,3.263,sell,293571658
1750550534290,80.24,0.13,buy,293571659
1750550535725,80.24,0.323,sell,293571660
1750550535742,80.25,0.159,buy,293571661
1750550535818,80.25,3.158,buy,293571662
1750550536226,80.26,0.35,buy,293571663
1750550536227,80.26,0.1,buy,293571664
1750550538021,80.26,0.124,sell,293571665
1750550539277,80.26,4.729,sell,293571666
1750550539282,80.26,0.291,buy,293571667
1750550539322,80.25,0.219,sell,293571668
1750550539365,80.24,8.43,sell,293571669
1750550539431,80.23,0.219,sell,293571670
1750550539459,80.22,0.885,sell,293571671
1750550539510,80.22,7.708,sell,293571672
1750550539510,80.21,0.201,sell,293571673
1750550539519,80.21,0.219,sell,293571674
1750550539617,80.2,1.181,sell,293571675
1750550540165,80.19,4.125,sell,293571676
1750550540971,80.19,0.124,buy,293571677
1750550541319,80.19,0.26,buy,293571678
1750550542340,80.2,0.074,buy,293571679
1750550543846,80.18,0.485,sell,293571680
1750550543848,80.17,0.194,sell,293571681
1750550544142,80.16,4.257,sell,293571682
1750550544383,80.16,0.195,buy,293571683
1750550545013,80.17,0.422,buy,293571684
1750550546904,80.16,0.298,sell,293571685
1750550548747,80.17,3.5,buy,293571686
1750550548748,80.17,3.231,buy,293571687
1750550549179,80.18,0.45,buy,293571688
1750550551657,80.18,0.076,sell,293571689
1750550552155,80.18,0.087,sell,293571690
1750550552158,80.18,28.843,sell,293571691
1750550552450,80.17,4,buy,293571692
1750550552450,80.17,1.588,buy,293571693
1750550552453,80.18,4.53,buy,293571694
1750550552454,80.18,3.66,buy,293571695
1750550552513,80.19,1.181,buy,293571696
1750550553202,80.19,0.363,buy,293571697
1750550555557,80.2,0.208,buy,293571698
1750550557757,80.19,0.315,buy,293571699
1750550558685,80.19,0.135,sell,293571700
1750550559306,80.19,4.879,sell,293571701
1750550559307,80.18,0.125,sell,293571702
1750550559633,80.17,0.312,sell,293571703
1750550560735,80.17,0.125,sell,293571704
1750550562195,80.17,0.314,buy,293571705
1750550562655,80.17,0.08,buy,293571706
1750550563908,80.17,4.624,buy,293571707
1750550563934,80.18,0.318,buy,293571708
1750550563936,80.18,0.132,buy,293571709
1750550564067,80.19,0.45,buy,293571710
1750550564067,80.2,0.589,buy,293571711
1750550564740,80.19,0.2,sell,293571712
1750550566279,80.19,0.249,buy,293571713
1750550567199,80.19,0.355,buy,293571714
1750550567610,80.19,0.871,buy,293571715
1750550568542,80.19,3.875,buy,293571716
1750550569448,80.19,10.608,sell,293571717
1750550569449,80.19,25.601,sell,293571718
1750550571053,80.19,3.381,buy,293571719
1750550574461,80.19,24.193,sell,293571720
1750550574800,80.18,0.125,sell,293571721
1750550575446,80.18,9.515,buy,293571722
1750550576477,80.19,3.155,buy,293571723
1750550576490,80.19,0.164,buy,293571724
1750550576509,80.19,0.213,buy,293571725
1750550576524,80.19,7.123,buy,293571726
1750550576524,80.19,0.065,buy,293571727
1750550577268,80.2,0.45,buy,293571728
1750550577270,80.21,0.124,buy,293571729
1750550580067,80.21,0.326,buy,293571730
1750550580082,80.22,4.303,buy,293571731
1750550580788,80.23,0.778,buy,293571732
1750550580911,80.24,0.519,buy,293571733
1750550582050,80.25,0.385,buy,293571734
1750550582052,80.25,0.065,buy,293571735
1750550583247,80.26,0.519,buy,293571736
1750550583306,80.27,0.385,buy,293571737
1750550584223,80.28,0.706,buy,293571738
1750550584225,80.28,0.065,buy,293571739
1750550584289,80.29,0.51,buy,293571740
1750550584297,80.29,0.13,buy,293571741
1750550584297,80.3,0.238,buy,293571742
1750550585617,80.3,0.424,buy,293571743
1750550586371,80.3,4.535,sell,293571744
1750550586378,80.29,0.219,sell,293571745
1750550586463,80.28,4.219,sell,293571746
1750550586546,80.27,0.125,sell,293571747
1750550587162,80.27,0.195,buy,293571748
1750550587166,80.28,0.544,buy,293571749
1750550587416,80.29,0.45,buy,293571750
1750550588267,80.3,0.385,buy,293571751
1750550588268,80.3,0.065,buy,293571752
1750550589121,80.3,0.2,buy,293571753
1750550589123,80.3,0.06,buy,293571754
1750550589138,80.31,0.613,buy,293571755
1750550589215,80.32,0.798,buy,293571756
1750550589396,80.32,0.226,buy,293571757
1750550589850,80.31,0.125,sell,293571758
1750550590270,80.3,0.125,sell,293571759
1750550592711,80.29,0.199,sell,293571760
1750550592789,80.29,9.719,buy,293571761
1750550592797,80.29,0.195,buy,293571762
1750550592810,80.3,0.45,buy,293571763
1750550592838,80.31,0.544,buy,293571764
1750550592914,80.32,0.731,buy,293571765
1750550594415,80.32,0.325,buy,293571766
1750550594812,80.33,0.552,buy,293571767
1750550596355,80.34,0.519,buy,293571768
1750550596468,80.35,1,buy,293571769
1750550597145,80.36,0.394,buy,293571770
1750550598399,80.35,0.276,sell,293571771
1750550598821,80.35,0.26,buy,293571772
1750550600303,80.36,0.26,buy,293571773
1750550600304,80.36,0.065,buy,293571774
1750550600348,80.37,0.636,buy,293571775
1750550600349,80.37,0.065,buy,293571776
1750550601190,80.38,0.454,buy,293571777
1750550601192,80.38,0.065,buy,293571778
1750550601432,80.39,1.125,buy,293571779
1750550601461,80.39,0.13,buy,293571780
1750550601783,80.4,2.02,buy,293571781
1750550601784,80.4,0.063,buy,293571782
1750550602050,80.4,14.925,sell,293571783
1750550602353,80.4,8.244,sell,293571784
1750550602353,80.39,9.168,sell,293571785
1750550602839,80.4,0.26,buy,293571786
1750550602987,80.4,0.065,sell,293571787
1750550603070,80.4,19.9,sell,293571788
1750550603455,80.4,12.248,sell,293571789
1750550603455,80.39,0.556,sell,293571790
1750550603535,80.39,15.934,sell,293571791
1750550603667,80.4,0.195,buy,293571792
1750550603998,80.41,0.45,buy,293571793
1750550604828,80.4,0.102,sell,293571794
1750550605070,80.41,0.195,buy,293571795
1750550606523,80.42,0.161,buy,293571796
1750550609990,80.41,1.066,sell,293571797
1750550610003,80.4,0.125,sell,293571798
1750550610107,80.39,0.125,sell,293571799
1750550610849,80.39,6.231,buy,293571800
1750550610849,80.39,0.065,buy,293571801
1750550611199,80.4,0.42,buy,293571802
1750550613089,80.39,5.355,buy,293571803
1750550613327,80.4,0.383,buy,293571804
1750550618294,80.39,18.651,sell,293571805
1750550618298,80.38,16.718,sell,293571806
1750550618299,80.38,24.709,sell,293571807
1750550618499,80.37,0.125,sell,293571808
1750550619232,80.37,4.452,buy,293571809
1750550619234,80.38,0.544,buy,293571810
1750550619241,80.39,10.28,buy,293571811
1750550620605,80.39,0.728,buy,293571812
1750550620606,80.39,3.025,buy,293571813
1750550622469,80.39,0.396,sell,293571814
1750550622481,80.38,0.125,sell,293571815
1750550623901,80.38,5.121,buy,293571816
1750550623902,80.39,9.441,buy,293571817
1750550624215,80.4,0.45,buy,293571818
1750550625146,80.41,10.367,buy,293571819
1750550625163,80.41,0.13,buy,293571820
1750550625586,80.42,0.729,buy,293571821
1750550627242,80.42,0.23,buy,293571822
1750550627727,80.42,0.398,buy,293571823
1750550629139,80.42,7.589,buy,293571824
1750550631344,80.42,19.097,sell,293571825
1750550631350,80.41,0.125,sell,293571826
1750550631518,80.41,1.226,buy,293571827
1750550631706,80.4,0.125,sell,293571828
1750550631973,80.39,0.125,sell,293571829
1750550633540,80.38,42.981,sell,293571830
1750550633540,80.38,12.947,sell,293571831
1750550633905,80.38,11.331,buy,293571832
1750550634019,80.39,0.45,buy,293571833
1750550634019,80.4,1.107,buy,293571834
1750550634363,80.4,8.445,buy,293571835
1750550634363,80.41,16.547,buy,293571836
1750550634363,80.42,0.008,buy,293571837
1750550636266,80.4,6.771,buy,293571838
1750550636536,80.4,0.199,sell,293571839
1750550636766,80.41,0.696,buy,293571840
1750550636795,80.41,0.13,buy,293571841
1750550637320,80.42,0.651,buy,293571842
1750550640793,80.42,6.164,buy,293571843
1750550640793,80.42,0.065,buy,293571844
1750550640839,80.43,0.843,buy,293571845
1750550640839,80.44,0.338,buy,293571846
1750550641293,80.44,0.551,buy,293571847
1750550641293,80.45,0.615,buy,293571848
1750550641293,80.46,4.11,buy,293571849
1750550641296,80.46,0.069,buy,293571850
1750550641654,80.44,0.125,sell,293571851
1750550641686,80.43,0.219,sell,293571852
1750550641895,80.42,5.288,buy,293571853
1750550641899,80.42,13.85,buy,293571854
1750550641901,80.42,0.065,buy,293571855
1750550641923,80.43,9.309,buy,293571856
1750550641923,80.43,0.065,buy,293571857
1750550642221,80.43,6.27,sell,293571858
1750550642224,80.42,4.219,sell,293571859
1750550642228,80.41,5.191,sell,293571860
1750550642387,80.4,11.938,sell,293571861
1750550642588,80.39,0.106,sell,293571862
1750550642846,80.4,10,buy,293571863
1750550644110,80.4,4.965,buy,293571864
1750550644110,80.41,1.254,buy,293571865
1750550645306,80.39,0.125,sell,293571866
1750550646169,80.39,4.116,buy,293571867
1750550646174,80.39,0.065,buy,293571868
1750550646738,80.4,0.325,buy,293571869
1750550647937,80.41,3.66,buy,293571870
1750550647939,80.41,0.057,buy,293571871
1750550648036,80.42,0.45,buy,293571872
1750550651383,80.43,7.32,buy,293571873
1750550652535,80.43,4.112,buy,293571874
1750550652683,80.43,5.412,buy,293571875
1750550652822,80.43,3.307,buy,293571876
1750550652827,80.43,0.13,buy,293571877
1750550653287,80.43,0.064,sell,293571878
1750550653609,80.42,1.955,sell,293571879
1750550653672,80.41,0.125,sell,293571880
1750550654052,80.39,0.125,sell,293571881
1750550654906,80.38,0.194,sell,293571882
1750550654937,80.37,0.219,sell,293571883
1750550655831,80.37,4.2,buy,293571884
1750550655844,80.37,0.13,buy,293571885
1750550656796,80.38,0.084,buy,293571886
1750550658076,80.36,0.194,sell,293571887
1750550658230,80.36,4.4,buy,293571888
1750550658233,80.36,0.056,buy,293571889
1750550658553,80.37,0.32,buy,293571890
1750550659241,80.36,0.396,sell,293571891
1750550659395,80.37,11.51,buy,293571892
1750550659395,80.38,2.556,buy,293571893
1750550659868,80.38,9.209,buy,293571894
1750550659870,80.39,19.691,buy,293571895
1750550659872,80.4,11.29,buy,293571896
1750550659874,80.4,11.673,buy,293571897
1750550659883,80.4,0.13,buy,293571898
1750550659923,80.41,0.548,buy,293571899
1750550659923,80.42,3.452,buy,293571900
1750550659993,80.41,4.54,sell,293571901
1750550660130,80.4,0.228,sell,293571902
1750550660138,80.4,1.269,sell,293571903
1750550660482,80.4,0.125,sell,293571904
1750550663372,80.39,0.125,sell,293571905
1750550667342,80.37,0.125,sell,293571906
1750550667945,80.36,0.125,sell,293571907
1750550668555,80.36,0.116,buy,293571908
1750550668649,80.35,2.214,sell,293571909
1750550668650,80.34,21.351,sell,293571910
1750550668944,80.33,0.626,sell,293571911
1750550669595,80.34,0.26,buy,293571912
1750550669595,80.34,0.065,buy,293571913
1750550670501,80.35,7.426,buy,293571914
1750550670502,80.35,0.065,buy,293571915
1750550671252,80.36,0.45,buy,293571916
1750550673841,80.37,6.247,buy,293571917
1750550673937,80.38,0.385,buy,293571918
1750550673942,80.38,0.13,buy,293571919
1750550674168,80.39,0.385,buy,293571920
1750550674879,80.39,3.5,buy,293571921
1750550674881,80.39,1.631,buy,293571922
1750550674904,80.39,0.195,buy,293571923
1750550674904,80.4,0.519,buy,293571924
1750550679119,80.41,0.087,buy,293571925
1750550681912,80.41,0.149,buy,293571926
1750550681959,80.4,0.091,sell,293571927
1750550682467,80.4,0.719,sell,293571928
1750550683550,80.38,0.125,sell,293571929
1750550686316,80.37,6.855,sell,293571930
1750550686375,80.36,0.125,sell,293571931
1750550686398,80.36,6.221,buy,293571932
1750550686639,80.35,0.125,sell,293571933
1750550688102,80.35,0.917,buy,293571934
1750550689045,80.35,3.455,buy,293571935
1750550689125,80.36,0.26,buy,293571936
1750550689139,80.37,1.726,buy,293571937
1750550691754,80.37,3.69,buy,293571938
1750550691759,80.37,0.127,buy,293571939
1750550692272,80.38,0.26,buy,293571940
1750550692770,80.38,2.986,buy,293571941
1750550692779,80.39,0.45,buy,293571942
1750550692779,80.4,0.452,buy,293571943
1750550699264,80.41,11.217,buy,293571944
1750550699266,80.41,0.065,buy,293571945
1750550700211,80.41,0.257,sell,293571946
1750550700398,80.41,11.155,sell,293571947
1750550700398,80.41,5.772,sell,293571948
1750550700588,80.4,4.125,sell,293571949
1750550701347,80.38,4.355,sell,293571950
1750550702259,80.37,0.125,sell,293571951
1750550703318,80.36,0.194,sell,293571952
1750550703867,80.34,3.366,sell,293571953
1750550703872,80.34,8.823,sell,293571954
1750550705687,80.34,7.606,buy,293571955
1750550705693,80.35,0.385,buy,293571956
1750550705693,80.36,5.714,buy,293571957
1750550707307,80.34,0.107,sell,293571958
1750550708702,80.32,2.871,sell,293571959
1750550708797,80.32,20.568,sell,293571960
1750550710030,80.32,4,buy,293571961
1750550710031,80.32,2.202,buy,293571962
1750550710032,80.33,4.144,buy,293571963
1750550710033,80.33,4.144,buy,293571964
1750550710033,80.33,0.092,buy,293571965
1750550710033,80.34,4.052,buy,293571966
1750550710034,80.34,4.555,buy,293571967
1750550710034,80.34,3.844,buy,293571968
1750550710034,80.35,0.985,buy,293571969
1750550710034,80.35,4.829,buy,293571970
1750550710034,80.35,4.829,buy,293571971
1750550710034,80.35,3.983,buy,293571972
1750550710034,80.35,3.983,buy,293571973
1750550710035,80.35,7.614,buy,293571974
1750550710035,80.35,3.392,buy,293571975
1750550710035,80.36,0.591,buy,293571976
1750550710035,80.36,3.451,buy,293571977
1750550710035,80.36,3.983,buy,293571978
1750550710036,80.36,3.451,buy,293571979
1750550710036,80.36,3.451,buy,293571980
1750550710037,80.36,3.451,buy,293571981
1750550710037,80.36,3.451,buy,293571982
1750550710119,80.36,1.632,buy,293571983
1750550711362,80.34,0.125,sell,293571984
1750550712001,80.33,0.125,sell,293571985
1750550712149,80.33,39.332,buy,293571986
1750550712166,80.34,6.224,buy,293571987
1750550712199,80.34,4,buy,293571988
1750550712288,80.34,0.246,buy,293571989
1750550712568,80.35,35.46,buy,293571990
1750550713123,80.34,0.125,sell,293571991
1750550716615,80.33,17.39,buy,293571992
1750550716626,80.34,4,buy,293571993
1750550717735,80.34,3.5,buy,293571994
1750550717735,80.34,0.362,buy,293571995
1750550717915,80.33,0.904,sell,293571996
1750550719942,80.33,0.974,buy,293571997
1750550721058,80.33,0.622,buy,293571998
1750550722497,80.33,5.711,buy,293571999
1750550722499,80.34,9,buy,293572000
1750550723088,80.35,0.45,buy,293572001
1750550723114,80.36,0.753,buy,293572002
1750550724644,80.35,0.144,sell,293572003
1750550725842,80.34,0.249,buy,293572004
1750550727022,80.34,3.158,buy,293572005
1750550727781,80.34,1.244,buy,293572006
1750550727785,80.34,0.195,buy,293572007
1750550729512,80.34,2.283,buy,293572008
1750550731995,80.33,3.551,sell,293572009
1750550732099,80.33,0.183,buy,293572010
1750550732403,80.32,0.077,sell,293572011
1750550732693,80.32,4.048,sell,293572012
1750550736214,80.32,1.233,buy,293572013
1750550739817,80.32,0.903,buy,293572014
1750550742613,80.31,14.464,sell,293572015
1750550743846,80.3,0.293,sell,293572016
1750550746343,80.29,0.194,sell,293572017
1750550746470,80.29,0.087,buy,293572018
1750550746640,80.28,0.189,sell,293572019
1750550747315,80.28,1.16,sell,293572020
1750550748469,80.29,3.223,buy,293572021
1750550748482,80.29,0.359,buy,293572022
1750550752079,80.29,0.316,buy,293572023
1750550753022,80.28,0.38,sell,293572024
1750550754729,80.27,0.194,sell,293572025
1750550755436,80.27,4.46,buy,293572026
1750550755438,80.27,0.059,buy,293572027
1750550755505,80.28,0.123,buy,293572028
1750550756105,80.28,0.262,buy,293572029
1750550756105,80.29,0.07,buy,293572030
1750550756892,80.28,0.602,sell,293572031
1750550757693,80.28,0.103,sell,293572032
1750550760313,80.28,4.891,sell,293572033
1750550760451,80.28,17.11,buy,293572034
1750550761129,80.29,0.778,buy,293572035
1750550761129,80.3,0.414,buy,293572036
1750550761202,80.3,0.101,buy,293572037
1750550761290,80.31,0.697,buy,293572038
1750550761703,80.3,3.218,buy,293572039
1750550761703,80.31,1.782,buy,293572040
1750550761976,80.3,4,sell,293572041
1750550761986,80.29,0.125,sell,293572042
1750550763312,80.28,0.125,sell,293572043
1750550763371,80.27,0.125,sell,293572044
1750550764378,80.26,0.194,sell,293572045
1750550764747,80.25,0.283,sell,293572046
1750550764795,80.26,0.129,buy,293572047
1750550765182,80.26,10.833,buy,293572048
1750550765264,80.27,0.385,buy,293572049
1750550765264,80.28,0.822,buy,293572050
1750550765647,80.28,1.551,buy,293572051
1750550766413,80.28,8.391,buy,293572052
1750550766413,80.28,0.065,buy,293572053
1750550766466,80.29,0.544,buy,293572054
1750550766943,80.3,0.45,buy,293572055
1750550766943,80.31,0.731,buy,293572056
1750550768885,80.31,6.867,buy,293572057
1750550768885,80.31,0.065,buy,293572058
1750550768886,80.32,11.769,buy,293572059
1750550768943,80.33,1.181,buy,293572060
1750550769199,80.33,0.13,buy,293572061
1750550769213,80.33,0.635,sell,293572062
1750550769862,80.34,0.519,buy,293572063
1750550770564,80.35,6.01,buy,293572064
1750550770600,80.36,0.389,buy,293572065
1750550770605,80.36,0.065,buy,293572066
1750550770939,80.37,0.385,buy,293572067
1750550771788,80.38,3.5,buy,293572068
1750550771797,80.38,1.718,buy,293572069
1750550771844,80.39,0.519,buy,293572070
1750550771844,80.4,0.662,buy,293572071
1750550772712,80.4,0.173,buy,293572072
1750550774417,80.41,3.116,buy,293572073
1750550774419,80.41,1.196,buy,293572074
1750550774714,80.41,0.336,sell,293572075
1750550774946,80.42,0.454,buy,293572076
1750550774947,80.42,0.065,buy,293572077
1750550775003,80.43,0.488,buy,293572078
1750550775020,80.43,0.13,buy,293572079
1750550775020,80.44,1.051,buy,293572080
1750550776637,80.44,3.544,buy,293572081
1750550777328,80.44,24.135,sell,293572082
1750550778171,80.43,0.622,sell,293572083
1750550780708,80.43,19.049,sell,293572084
1750550780713,80.43,13.031,buy,293572085
1750550780771,80.42,0.125,sell,293572086
1750550782922,80.41,0.31,sell,293572087
1750550784070,80.41,0.621,sell,293572088
1750550784801,80.41,0.311,sell,293572089
1750550785824,80.41,1.262,sell,293572090
1750550787799,80.42,3.873,buy,293572091
1750550788655,80.42,0.098,buy,293572092
1750550789462,80.41,6.894,sell,293572093
1750550789766,80.41,1.379,buy,293572094
1750550789861,80.4,0.311,sell,293572095
1750550791493,80.4,0.097,sell,293572096
1750550792503,80.4,0.311,sell,293572097
1750550794620,80.4,0.297,sell,293572098
1750550795663,80.41,9.231,buy,293572099
1750550795663,80.42,15.808,buy,293572100
1750550795663,80.43,24.598,buy,293572101
1750550795800,80.42,6.27,sell,293572102
1750550795823,80.41,0.125,sell,293572103
1750550797680,80.4,17.437,sell,293572104
1750550797683,80.4,3.861,buy,293572105
1750550799182,80.39,0.125,sell,293572106
1750550800324,80.38,2.699,sell,293572107
1750550800375,80.37,10.439,sell,293572108
1750550800430,80.36,0.257,sell,293572109
1750550800655,80.35,0.084,sell,293572110
1750550800655,80.36,0.087,buy,293572111
1750550800915,80.36,7.337,buy,293572112
1750550800917,80.36,0.065,buy,293572113
1750550801069,80.37,0.385,buy,293572114
1750550801069,80.38,0.385,buy,293572115
1750550801069,80.39,0.47,buy,293572116
1750550801588,80.37,0.125,sell,293572117
1750550802094,80.36,0.216,sell,293572118
1750550803956,80.36,3.125,buy,293572119
1750550803962,80.36,0.13,buy,293572120
1750550804639,80.36,1,sell,293572121
1750550807675,80.37,5.85,buy,293572122
1750550807677,80.38,0.45,buy,293572123
1750550807840,80.39,0.325,buy,293572124
1750550808513,80.39,0.149,sell,293572125
1750550809239,80.4,0.157,buy,293572126
1750550812399,80.39,0.484,sell,293572127
1750550813725,80.39,11.501,sell,293572128
1750550813725,80.39,8.939,sell,293572129
1750550813730,80.39,1.144,buy,293572130
1750550813735,80.38,0.219,sell,293572131
1750550814586,80.37,0.075,sell,293572132
1750550815663,80.38,0.835,buy,293572133
1750550821195,80.38,1.779,buy,293572134
1750550821824,80.38,4.639,buy,293572135
1750550821836,80.39,0.45,buy,293572136
1750550821960,80.4,0.641,buy,293572137
1750550821960,80.41,0.54,buy,293572138
1750550822049,80.4,4.702,sell,293572139
1750550822069,80.39,0.125,sell,293572140
1750550822325,80.39,0.195,buy,293572141
1750550823040,80.39,1.144,sell,293572142
1750550823066,80.38,0.125,sell,293572143
1750550826896,80.38,0.758,buy,293572144
1750550827618,80.37,19.228,sell,293572145
1750550832208,80.36,0.411,sell,293572146
1750550832212,80.36,0.287,buy,293572147
1750550832675,80.35,0.194,sell,293572148
1750550832690,80.34,0.257,sell,293572149
1750550833242,80.33,0.069,sell,293572150
1750550833302,80.32,0.351,sell,293572151
1750550833377,80.31,10.295,sell,293572152
1750550833379,80.31,1.08,sell,293572153
1750550833620,80.3,0.319,sell,293572154
1750550834138,80.3,3.652,buy,293572155
1750550834527,80.29,0.099,sell,293572156
1750550835904,80.28,0.194,sell,293572157
1750550837081,80.27,7.725,sell,293572158
1750550837141,80.26,0.163,sell,293572159
1750550837227,80.25,0.992,sell,293572160
1750550838523,80.26,3.59,buy,293572161
1750550838527,80.26,0.121,buy,293572162
1750550838889,80.27,0.32,buy,293572163
1750550838889,80.27,0.065,buy,293572164
1750550838955,80.28,0.385,buy,293572165
1750550838957,80.28,0.065,buy,293572166
1750550841957,80.29,0.416,buy,293572167
1750550844019,80.27,0.125,sell,293572168
1750550845317,80.26,3.193,sell,293572169
1750550845599,80.26,0.125,sell,293572170
1750550848527,80.26,0.622,buy,293572171
1750550848997,80.26,6.864,buy,293572172
1750550849243,80.26,0.442,sell,293572173
1750550849336,80.25,0.986,sell,293572174
1750550849344,80.25,11.245,sell,293572175
1750550849944,80.24,19.223,sell,293572176
1750550850170,80.23,0.125,sell,293572177
1750550850192,80.22,0.126,sell,293572178
1750550850218,80.22,0.068,sell,293572179
1750550850383,80.22,6.227,buy,293572180
1750550850383,80.23,0.005,buy,293572181
1750550850993,80.22,4,sell,293572182
1750550854111,80.21,5.24,buy,293572183
1750550854114,80.21,0.057,buy,293572184
1750550854556,80.21,2.077,sell,293572185
1750550855628,80.21,0.199,sell,293572186
1750550856647,80.2,4.558,sell,293572187
1750550856766,80.2,0.079,buy,293572188
1750550856800,80.2,1.734,buy,293572189
1750550857514,80.19,0.125,sell,293572190
1750550858709,80.19,0.807,buy,293572191
1750550859052,80.19,4.338,buy,293572192
1750550859076,80.2,0.32,buy,293572193
1750550859116,80.21,1.207,buy,293572194
1750550859556,80.2,1.474,sell,293572195
1750550860514,80.2,8.435,sell,293572196
1750550860514,80.19,15.33,sell,293572197
1750550861068,80.19,0.125,sell,293572198
1750550866182,80.18,0.508,sell,293572199
1750550868722,80.17,5.067,sell,293572200
1750550868744,80.16,0.257,sell,293572201
1750550869875,80.16,6.232,buy,293572202
1750550869878,80.17,0.32,buy,293572203
1750550870771,80.18,3.614,buy,293572204
1750550872982,80.16,0.125,sell,293572205
1750550877045,80.15,0.125,sell,293572206
1750550879144,80.14,0.194,sell,293572207
1750550879812,80.14,0.648,buy,293572208
1750550880184,80.13,0.125,sell,293572209
1750550881042,80.13,0.816,buy,293572210
1750550883735,80.12,0.405,sell,293572211
1750550883746,80.11,14.196,sell,293572212
1750550883746,80.11,0.332,sell,293572213
1750550883747,80.1,8.084,sell,293572214
1750550883747,80.1,3.706,sell,293572215
1750550883764,80.09,0.069,sell,293572216
1750550883841,80.09,7.013,sell,293572217
1750550884048,80.1,7.198,buy,293572218
1750550884048,80.1,0.065,buy,293572219
1750550884931,80.11,0.45,buy,293572220
1750550885089,80.11,7.877,sell,293572221
1750550885786,80.1,0.125,sell,293572222
1750550887077,80.09,4.739,sell,293572223
1750550887078,80.09,6.636,sell,293572224
1750550887087,80.08,15.72,sell,293572225
1750550887724,80.07,1.999,sell,293572226
1750550888755,80.07,3.415,buy,293572227
1750550888766,80.07,0.139,buy,293572228
1750550888766,80.07,0.056,buy,293572229
1750550888804,80.08,0.32,buy,293572230
1750550888805,80.08,0.065,buy,293572231
1750550888805,80.09,1.015,buy,293572232
1750550888805,80.1,5.164,buy,293572233
1750550888900,80.1,0.32,buy,293572234
1750550889801,80.09,11.375,sell,293572235
1750550889803,80.08,0.125,sell,293572236
1750550890330,80.08,3.139,buy,293572237
1750550890343,80.08,0.239,buy,293572238
1750550890345,80.08,0.13,buy,293572239
1750550890387,80.09,0.32,buy,293572240
1750550890549,80.09,2.426,buy,293572241
1750550891150,80.09,0.26,buy,293572242
1750550891229,80.09,0.13,buy,293572243
1750550891590,80.1,0.663,buy,293572244
1750550893504,80.08,0.125,sell,293572245
1750550895001,80.07,0.408,sell,293572246
1750550895948,80.07,0.172,sell,293572247
1750550897068,80.07,9.665,buy,293572248
1750550897068,80.07,0.065,buy,293572249
1750550897117,80.08,1.181,buy,293572250
1750550897138,80.08,0.13,buy,293572251
1750550897311,80.09,0.45,buy,293572252
1750550897504,80.1,0.385,buy,293572253
1750550897506,80.1,0.065,buy,293572254
1750550897914,80.11,0.45,buy,293572255
1750550898040,80.12,1.181,buy,293572256
1750550900421,80.1,0.125,sell,293572257
1750550901809,80.09,4.422,sell,293572258
1750550901810,80.09,1.01,buy,293572259
1750550901962,80.08,0.125,sell,293572260
1750550904306,80.07,6.176,sell,293572261
1750550905038,80.06,0.195,sell,293572262
1750550905796,80.05,12.574,sell,293572263
1750550905796,80.04,6.217,sell,293572264
1750550906608,80.05,8.042,buy,293572265
1750550907074,80.06,0.386,buy,293572266
1750550907754,80.07,0.129,buy,293572267
1750550909725,80.07,6.655,buy,293572268
1750550909725,80.08,4,buy,293572269
1750550909730,80.08,6.244,buy,293572270
1750550909738,80.08,0.232,buy,293572271
1750550911361,80.07,0.075,sell,293572272
1750550911953,80.07,0.383,sell,293572273
1750550912321,80.07,0.45,sell,293572274
1750550912583,80.07,0.168,sell,293572275
1750550915210,80.08,5.588,buy,293572276
1750550915216,80.09,0.45,buy,293572277
1750550915216,80.1,5.669,buy,293572278
1750550915391,80.1,0.45,buy,293572279
1750550915772,80.11,0.385,buy,293572280
1750550915774,80.11,0.065,buy,293572281
1750550915836,80.12,1.181,buy,293572282
1750550916207,80.11,0.15,sell,293572283
1750550919891,80.11,18.716,sell,293572284
1750550920656,80.1,0.125,sell,293572285
1750550922134,80.09,0.1,sell,293572286
1750550923718,80.1,0.129,buy,293572287
1750550923978,80.09,12.114,sell,293572288
1750550923979,80.09,2.911,sell,293572289
1750550924410,80.09,0.28,buy,293572290
1750550926279,80.08,0.149,buy,293572291
1750550927751,80.08,0.891,buy,293572292
1750550930764,80.07,23.251,sell,293572293
1750550930781,80.06,0.257,sell,293572294
1750550930870,80.05,11.539,sell,293572295
1750550930895,80.04,9.73,sell,293572296
1750550931233,80.03,18.985,sell,293572297
1750550931570,80.02,4.525,sell,293572298
1750550931579,80.01,0.126,sell,293572299
1750550933133,80.01,4.433,buy,293572300
1750550933167,80.02,7.524,buy,293572301
1750550933560,80.03,0.126,buy,293572302
1750550933695,80.04,0.166,buy,293572303
1750550933989,80.02,0.126,sell,293572304
1750550934312,80.02,3.124,buy,293572305
1750550934322,80.03,0.22,buy,293572306
1750550935744,80.04,3.181,buy,293572307
1750550935758,80.05,0.126,buy,293572308
1750550935891,80.06,1.181,buy,293572309
1750550936418,80.06,1.757,buy,293572310
1750550938688,80.04,7.569,sell,293572311
1750550938689,80.04,3.807,sell,293572312
1750550938748,80.03,4.192,sell,293572313
1750550941556,80.03,0.126,sell,293572314
1750550942611,80.02,0.126,sell,293572315
1750550943212,80.02,1.86,buy,293572316
1750550943324,80.02,11.912,buy,293572317
1750550943344,80.02,3.288,buy,293572318
1750550943362,80.03,0.126,buy,293572319
1750550944120,80.02,0.126,sell,293572320
1750550945741,80.02,5.686,buy,293572321
1750550945745,80.03,0.126,buy,293572322
1750550949761,80.03,7.006,sell,293572323
1750550949763,80.03,10.992,sell,293572324
1750550949788,80.02,0.22,sell,293572325
1750550951105,80.01,0.108,sell,293572326
1750550952657,80.02,4.739,buy,293572327
1750550952766,80.03,0.126,buy,293572328
1750550954093,80.03,15,sell,293572329
1750550954100,80.02,0.126,sell,293572330
1750550954279,80.01,0.126,sell,293572331
1750550956729,80.01,3.949,buy,293572332
1750550956781,80.02,0.22,buy,293572333
1750550956945,80.03,2.072,buy,293572334
1750550961711,80.02,3.913,buy,293572335
1750550961740,80.03,0.289,buy,293572336
1750550963701,80.02,22.995,sell,293572337
1750550964234,80.02,6.908,buy,293572338
1750550966604,80.03,6.145,buy,293572339
1750550966658,80.04,0.126,buy,293572340
1750550967143,80.04,7.995,sell,293572341
1750550970171,80.04,0.186,sell,293572342
1750550970201,80.03,8.926,sell,293572343
1750550970692,80.02,0.391,sell,293572344
1750550971136,80.02,15.147,sell,293572345
1750550971212,80.01,0.195,sell,293572346
1750550971798,80,13.793,sell,293572347
1750550972095,79.99,0.076,sell,293572348
1750550972855,79.99,15.442,sell,293572349
1750550972855,79.99,3.55,sell,293572350
1750550972869,79.98,0.195,sell,293572351
1750550973564,79.98,4.797,buy,293572352
1750550973619,79.99,11.067,buy,293572353
1750550973932,80,0.202,buy,293572354
1750550976350,79.99,0.126,sell,293572355
1750550977266,79.99,3.948,buy,293572356
1750550977324,80,0.126,buy,293572357
1750550978280,79.99,0.42,sell,293572358
1750550978396,80,0.231,buy,293572359
1750550979414,79.99,0.126,sell,293572360
1750550979724,79.99,0.705,buy,293572361
1750550979736,79.99,17.096,buy,293572362
1750550980398,80,0.126,buy,293572363
1750550980685,80.01,0.126,buy,293572364
1750550982308,80.02,3.014,buy,293572365
1750550982573,80.03,0.126,buy,293572366
1750550982787,80.03,49.968,sell,293572367
1750550985191,80.03,3.665,sell,293572368
1750550985513,80.04,0.695,buy,293572369
1750550986026,80.04,2.11,buy,293572370
1750550986122,80.05,1.181,buy,293572371
1750550987036,80.04,4.79,sell,293572372
1750550987171,80.03,0.126,sell,293572373
1750550988185,80.03,3.315,buy,293572374
1750550988574,80.03,5,buy,293572375
1750550988579,80.03,0.195,buy,293572376
1750550989828,80.04,3.5,buy,293572377
1750550989830,80.04,1.553,buy,293572378
1750550989899,80.04,2.039,sell,293572379
1750550989932,80.03,0.126,sell,293572380
1750550990103,80.03,0.195,buy,293572381
1750550990914,80.04,0.112,buy,293572382
1750550992014,80.02,0.126,sell,293572383
1750550992700,80.01,0.126,sell,293572384
1750550992751,80,0.126,sell,293572385
1750550993022,79.99,0.126,sell,293572386
1750550995456,79.98,0.126,sell,293572387
1750550995735,79.98,1.235,buy,293572388
1750550996606,79.97,0.444,sell,293572389
1750550997071,79.96,0.347,sell,293572390
1750550997630,79.96,3.181,buy,293572391
1750550997637,79.96,0.13,buy,293572392
1750550997706,79.97,5,buy,293572393
1750550998274,79.96,4.845,sell,293572394
1750550999572,79.96,3.227,buy,293572395
1750550999577,79.96,0.13,buy,293572396
1750551000087,79.96,0.064,buy,293572397
1750551000151,79.96,0.195,buy,293572398
1750551000820,79.95,3.004,sell,293572399
1750551001322,79.95,10.063,sell,293572400
1750551001782,79.96,6.196,buy,293572401
1750551002040,79.95,0.22,sell,293572402
1750551002344,79.95,0.195,buy,293572403
1750551005198,79.95,4.355,buy,293572404
1750551005222,79.96,0.451,buy,293572405
1750551005302,79.96,3.324,buy,293572406
1750551005701,79.96,0.195,buy,293572407
1750551005716,79.97,0.756,buy,293572408
1750551005873,79.95,0.126,sell,293572409
1750551006202,79.95,0.195,buy,293572410
1750551007314,79.94,0.441,sell,293572411
1750551007314,79.93,1.371,sell,293572412
1750551007634,79.94,3.543,buy,293572413
1750551007634,79.94,0.065,buy,293572414
1750551007804,79.94,3.093,sell,293572415
1750551007845,79.95,0.73,buy,293572416
1750551009135,79.94,0.126,sell,293572417
1750551009478,79.94,1.466,buy,293572418
1750551009784,79.93,0.126,sell,293572419
1750551011370,79.92,0.236,sell,293572420
1750551011707,79.91,0.37,sell,293572421
1750551012224,79.9,0.195,sell,293572422
1750551012675,79.9,20.135,buy,293572423
1750551012675,79.9,0.065,buy,293572424
1750551012677,79.91,0.321,buy,293572425
1750551013151,79.9,0.126,sell,293572426
1750551013969,79.9,1.181,buy,293572427
1750551014006,79.9,1.181,buy,293572428
1750551014019,79.9,1.181,buy,293572429
1750551015401,79.89,11.376,sell,293572430
1750551015996,79.89,0.194,buy,293572431
1750551016461,79.89,0.779,buy,293572432
1750551017082,79.88,0.195,sell,293572433
1750551017349,79.87,11.376,sell,293572434
1750551017631,79.86,0.195,sell,293572435
1750551017709,79.86,0.6,buy,293572436
1750551017986,79.85,11.376,sell,293572437
1750551018219,79.84,0.258,sell,293572438
1750551018219,79.83,7.787,sell,293572439
1750551018220,79.83,6.412,sell,293572440
1750551018220,79.82,6.569,sell,293572441
1750551018222,79.82,9.464,sell,293572442
1750551018316,79.82,4.287,buy,293572443
1750551018317,79.82,5.285,buy,293572444
1750551018344,79.83,6.293,buy,293572445
1750551018346,79.83,4.057,buy,293572446
1750551018710,79.83,0.361,buy,293572447
1750551018710,79.84,0.239,buy,293572448
1750551018990,79.83,8.041,sell,293572449
1750551018997,79.83,3.209,sell,293572450
1750551019250,79.82,11.376,sell,293572451
1750551019484,79.81,0.304,sell,293572452
1750551019488,79.81,0.304,sell,293572453
1750551020108,79.82,1.468,buy,293572454
1750551020585,79.82,2.85,buy,293572455
1750551020586,79.82,0.056,buy,293572456
1750551020589,79.83,9.063,buy,293572457
1750551020600,79.84,0.545,buy,293572458
1750551020600,79.85,5.718,buy,293572459
1750551020702,79.84,7.995,sell,293572460
1750551021097,79.83,0.126,sell,293572461
1750551021241,79.82,9.096,sell,293572462
1750551021242,79.82,10.275,sell,293572463
1750551021242,79.81,8.614,sell,293572464
1750551021242,79.81,10.275,sell,293572465
1750551021348,79.8,1.014,sell,293572466
1750551021349,79.8,3.297,sell,293572467
1750551021411,79.79,11.376,sell,293572468
1750551021458,79.78,11.445,sell,293572469
1750551021472,79.77,3.364,sell,293572470
1750551021472,79.77,2.006,sell,293572471
1750551021477,79.76,11.571,sell,293572472
1750551021513,79.75,0.069,sell,293572473
1750551021529,79.76,3.55,buy,293572474
1750551021541,79.76,0.148,buy,293572475
1750551021555,79.76,0.15,buy,293572476
1750551021569,79.76,0.164,buy,293572477
1750551021581,79.76,0.145,buy,293572478
1750551021592,79.76,0.146,buy,293572479
1750551021637,79.76,7.758,buy,293572480
1750551021690,79.76,2.029,buy,293572481
1750551021707,79.75,0.319,sell,293572482
1750551021869,79.76,0.802,buy,293572483
1750551021993,79.75,11.212,sell,293572484
1750551022117,79.74,26.791,sell,293572485
1750551022390,79.73,4.66,sell,293572486
1750551022390,79.73,10.716,sell,293572487
1750551022559,79.72,5.089,sell,293572488
1750551022559,79.72,2.676,sell,293572489
1750551022560,79.72,2.676,sell,293572490
1750551022560,79.72,4.882,sell,293572491
1750551022580,79.71,0.126,sell,293572492
1750551022651,79.71,10.227,buy,293572493
1750551022657,79.71,13.328,buy,293572494
1750551022676,79.71,16.875,buy,293572495
1750551022689,79.71,0.5,buy,293572496
1750551022692,79.71,3.017,buy,293572497
1750551023030,79.71,0.303,sell,293572498
1750551023030,79.71,0.303,sell,293572499
1750551023031,79.71,0.303,sell,293572500
1750551023529,79.72,0.106,buy,293572501
1750551023573,79.72,12.631,buy,293572502
1750551023591,79.72,0.13,buy,293572503
1750551024679,79.73,5.659,buy,293572504
1750551024680,79.73,0.065,buy,293572505
1750551024698,79.74,0.451,buy,293572506
1750551025126,79.75,11.864,buy,293572507
1750551025333,79.76,0.451,buy,293572508
1750551025350,79.77,0.451,buy,293572509
1750551025636,79.77,0.897,sell,293572510
1750551025638,79.77,1.103,sell,293572511
1750551026115,79.78,4.669,buy,293572512
1750551026116,79.78,0.065,buy,293572513
1750551026118,79.79,0.546,buy,293572514
1750551026424,79.78,8.366,sell,293572515
1750551027126,79.78,0.195,buy,293572516
1750551027262,79.79,3.96,buy,293572517
1750551027300,79.79,0.126,buy,293572518
1750551027300,79.8,2.396,buy,293572519
1750551027676,79.8,0.325,buy,293572520
1750551028046,79.81,0.386,buy,293572521
1750551028048,79.81,0.065,buy,293572522
1750551028048,79.82,1.479,buy,293572523
1750551028051,79.82,0.069,buy,293572524
1750551029199,79.8,0.126,sell,293572525
1750551029979,79.8,0.25,buy,293572526
1750551030084,79.8,3.15,buy,293572527
1750551030097,79.8,0.162,buy,293572528
1750551030130,79.8,3.597,buy,293572529
1750551030131,79.8,0.454,buy,293572530
1750551030138,79.8,0.195,buy,293572531
1750551030197,79.81,5.697,buy,293572532
1750551030197,79.81,13.869,buy,293572533
1750551030198,79.81,0.065,buy,293572534
1750551030199,79.82,14.923,buy,293572535
1750551030199,79.82,0.13,buy,293572536
1750551030208,79.83,9.669,buy,293572537
1750551030209,79.83,8.22,buy,293572538
1750551030216,79.84,10.639,buy,293572539
1750551030216,79.85,12.986,buy,293572540
1750551030232,79.86,6.263,buy,293572541
1750551030239,79.86,4,buy,293572542
1750551030342,79.85,6.968,sell,293572543
1750551030384,79.86,1.181,buy,293572544
1750551030448,79.85,7.995,sell,293572545
1750551030452,79.85,2.332,sell,293572546
1750551030459,79.85,5.663,sell,293572547
1750551030463,79.85,5.78,sell,293572548
1750551030490,79.85,7.995,sell,293572549
1750551030495,79.85,0.417,sell,293572550
1750551031007,79.84,6.321,sell,293572551
1750551031014,79.83,0.126,sell,293572552
1750551031516,79.82,0.126,sell,293572553
1750551031516,79.81,4.22,sell,293572554
1750551031521,79.8,12.88,sell,293572555
1750551031522,79.8,15.425,sell,293572556
1750551031538,79.8,2.006,buy,293572557
1750551032437,79.8,0.134,buy,293572558
1750551032655,79.79,0.126,sell,293572559
1750551032945,79.78,0.084,sell,293572560
1750551033355,79.79,0.158,buy,293572561
1750551033970,79.78,6.094,buy,293572562
1750551033970,79.78,0.065,buy,293572563
1750551036204,79.78,0.08,sell,293572564
1750551036308,79.78,9.88,sell,293572565
1750551036309,79.78,17.229,sell,293572566
1750551037618,79.77,0.209,sell,293572567
1750551037753,79.76,0.476,sell,293572568
1750551037921,79.76,0.166,sell,293572569
1750551038874,79.75,11.241,sell,293572570
1750551038874,79.75,5.02,sell,293572571
1750551038874,79.75,10.621,sell,293572572
1750551040182,79.75,0.101,buy,293572573
1750551040998,79.74,0.191,sell,293572574
1750551041131,79.73,3.152,sell,293572575
1750551041166,79.73,0.794,sell,293572576
1750551041169,79.73,7.43,sell,293572577
1750551041175,79.72,3.903,sell,293572578
1750551041223,79.71,0.952,sell,293572579
1750551041730,79.71,5.147,buy,293572580
1750551041730,79.71,0.065,buy,293572581
1750551042346,79.72,0.725,buy,293572582
1750551042348,79.73,0.321,buy,293572583
1750551042932,79.73,1.71,sell,293572584
1750551043119,79.73,13.791,sell,293572585
1750551043120,79.73,9.589,sell,293572586
1750551043183,79.72,0.126,sell,293572587
1750551043214,79.71,1.181,sell,293572588
1750551043225,79.71,2.339,sell,293572589
1750551043352,79.72,1.253,buy,293572590
1750551044041,79.71,0.126,sell,293572591
1750551044064,79.7,1.012,sell,293572592
1750551044078,79.7,0.095,sell,293572593
1750551044802,79.7,9.202,buy,293572594
1750551044846,79.7,0.13,buy,293572595
1750551047850,79.7,1.528,sell,293572596
1750551048073,79.7,2.175,sell,293572597
1750551048295,79.7,1.958,sell,293572598
1750551048651,79.7,1.762,sell,293572599
1750551049589,79.71,4.623,buy,293572600
1750551049622,79.72,0.325,buy,293572601
1750551049842,79.72,1.831,sell,293572602
1750551050244,79.71,0.8,sell,293572603
1750551050247,79.71,0.126,sell,293572604
1750551050677,79.7,21.189,sell,293572605
1750551050781,79.7,1.181,buy,293572606
1750551050826,79.7,1.181,buy,293572607
1750551051200,79.7,4.671,buy,293572608
1750551051201,79.71,0.386,buy,293572609
1750551051319,79.72,1.181,buy,293572610
1750551054026,79.72,3.499,buy,293572611
1750551054775,79.73,0.325,buy,293572612
1750551054792,79.74,0.546,buy,293572613
1750551054816,79.75,0.481,buy,293572614
1750551054817,79.76,11.96,buy,293572615
1750551054827,79.77,0.305,buy,293572616
1750551054831,79.77,0.305,buy,293572617
1750551054837,79.77,0.305,buy,293572618
1750551054938,79.77,1.816,buy,293572619
1750551054993,79.77,10.057,buy,293572620
1750551054999,79.77,0.065,buy,293572621
1750551055177,79.77,1.474,sell,293572622
1750551055216,79.78,2.671,buy,293572623
1750551055216,79.78,0.065,buy,293572624
1750551055341,79.79,0.195,buy,293572625
1750551055503,79.8,0.877,buy,293572626
1750551059373,79.8,13.657,buy,293572627
1750551059847,79.8,16.875,sell,293572628
1750551059850,79.8,0.431,sell,293572629
1750551059862,79.8,0.121,sell,293572630
1750551059915,79.79,1.06,sell,293572631
1750551062328,79.78,0.285,sell,293572632
1750551062401,79.77,0.126,sell,293572633
1750551062436,79.76,0.126,sell,293572634
1750551063220,79.75,0.126,sell,293572635
1750551063233,79.74,0.195,sell,293572636
1750551063239,79.73,1.181,sell,293572637
1750551063936,79.73,0.126,sell,293572638
1750551063963,79.72,1.387,sell,293572639
1750551067066,79.72,1.253,buy,293572640
1750551068553,79.72,2.186,buy,293572641
1750551069087,79.73,1.181,buy,293572642
1750551069164,79.73,0.13,buy,293572643
1750551070965,79.73,1.53,buy,293572644
1750551070966,79.73,0.062,buy,293572645
1750551070999,79.73,6.425,sell,293572646
1750551071000,79.73,10.455,sell,293572647
1750551071001,79.73,8.906,sell,293572648
1750551071008,79.73,7.995,sell,293572649
1750551071009,79.73,9.24,sell,293572650
1750551071009,79.73,7.005,sell,293572651
1750551071017,79.74,1.166,buy,293572652
1750551071118,79.71,1.181,sell,293572653
1750551071702,79.71,0.195,buy,293572654
1750551071846,79.71,2.035,sell,293572655
1750551072387,79.72,0.181,buy,293572656
1750551074326,79.72,1.55,buy,293572657
1750551074363,79.73,0.481,buy,293572658
1750551074364,79.73,0.065,buy,293572659
1750551074465,79.74,0.325,buy,293572660
1750551074615,79.75,0.856,buy,293572661
1750551074784,79.75,0.451,buy,293572662
1750551077067,79.76,1.357,buy,293572663
1750551077069,79.76,0.065,buy,293572664
1750551077205,79.77,0.321,buy,293572665
1750551077205,79.78,0.86,buy,293572666
1750551077832,79.77,16.838,sell,293572667
1750551077960,79.78,0.195,buy,293572668
1750551079631,79.79,1.195,buy,293572669
1750551079633,79.79,0.065,buy,293572670
1750551082641,79.8,1.129,buy,293572671
1750551082818,79.8,0.13,buy,293572672
1750551082818,79.81,0.451,buy,293572673
1750551082818,79.82,0.6,buy,293572674
1750551083133,79.8,0.126,sell,293572675
1750551084431,79.79,2.881,sell,293572676
1750551085240,79.8,0.757,buy,293572677
1750551085316,79.8,5.746,sell,293572678
1750551085494,79.81,0.451,buy,293572679
1750551085542,79.81,2.424,sell,293572680
1750551085546,79.81,3.133,sell,293572681
1750551086260,79.82,0.127,buy,293572682
1750551088925,79.82,0.862,buy,293572683
1750551091741,79.82,1.532,sell,293572684
1750551091742,79.82,2.188,sell,293572685
1750551092302,79.83,1.957,buy,293572686
1750551092582,79.84,0.52,buy,293572687
1750551093089,79.85,0.451,buy,293572688
1750551093143,79.85,0.964,sell,293572689
1750551093143,79.85,0.675,sell,293572690
1750551093881,79.86,2.907,buy,293572691
1750551096253,79.84,0.126,sell,293572692
1750551097127,79.84,0.466,buy,293572693
1750551097878,79.85,0.451,buy,293572694
1750551097964,79.86,1.181,buy,293572695
1750551098788,79.86,0.677,buy,293572696
1750551098788,79.87,0.24,buy,293572697
1750551099591,79.87,0.276,buy,293572698
1750551101627,79.88,0.709,buy,293572699
1750551102006,79.89,0.451,buy,293572700
1750551102212,79.9,0.52,buy,293572701
1750551103380,79.9,0.16,buy,293572702
1750551104321,79.9,0.258,buy,293572703
1750551105338,79.91,0.523,buy,293572704
1750551105340,79.91,0.065,buy,293572705
1750551106935,79.92,0.592,buy,293572706
1750551107118,79.91,0.121,sell,293572707
1750551108122,79.92,0.332,buy,293572708
1750551108875,79.93,0.26,buy,293572709
1750551108876,79.93,0.065,buy,293572710
1750551108876,79.94,0.52,buy,293572711
1750551110063,79.95,0.778,buy,293572712
1750551110664,79.96,0.455,buy,293572713
1750551111119,79.97,0.523,buy,293572714
1750551111120,79.97,0.065,buy,293572715
1750551111618,79.98,1.044,buy,293572716
1750551112120,79.97,2.798,sell,293572717
1750551112139,79.96,3.126,sell,293572718
1750551113173,79.96,0.486,sell,293572719
1750551113242,79.95,0.515,sell,293572720
1750551114746,79.94,0.126,sell,293572721
1750551114752,79.93,0.126,sell,293572722
1750551115333,79.93,0.26,buy,293572723
1750551119103,79.94,0.451,buy,293572724
1750551119640,79.95,0.451,buy,293572725
1750551120273,79.95,0.341,sell,293572726
1750551120279,79.94,4.256,sell,293572727
1750551120335,79.93,7.643,sell,293572728
1750551120341,79.93,10.433,sell,293572729
1750551120343,79.93,1.117,sell,293572730
1750551120343,79.92,0.189,sell,293572731
1750551120343,79.91,0.386,sell,293572732
1750551120364,79.91,2.416,sell,293572733
1750551120579,79.9,0.195,sell,293572734
1750551120698,79.89,0.126,sell,293572735
1750551120981,79.88,0.063,sell,293572736
1750551121704,79.87,0.126,sell,293572737
1750551122157,79.86,0.189,sell,293572738
1750551122170,79.85,0.126,sell,293572739
1750551122221,79.84,2.701,sell,293572740
1750551122932,79.83,0.126,sell,293572741
1750551124085,79.82,1.181,sell,293572742
1750551124107,79.82,0.266,sell,293572743
1750551124123,79.81,0.22,sell,293572744
1750551124123,79.8,0.416,sell,293572745
1750551124199,79.8,0.195,buy,293572746
1750551124216,79.8,0.938,sell,293572747
1750551124990,79.8,0.195,buy,293572748
1750551126089,79.8,0.26,buy,293572749
1750551126225,79.81,10.502,buy,293572750
1750551126225,79.81,1.199,buy,293572751
1750551126320,79.82,0.935,buy,293572752
1750551126356,79.82,0.321,buy,293572753
1750551126358,79.82,0.065,buy,293572754
1750551126395,79.83,0.141,buy,293572755
1750551128253,79.82,0.573,buy,293572756
1750551128551,79.83,0.386,buy,293572757
1750551128553,79.83,0.065,buy,293572758
1750551128969,79.84,0.386,buy,293572759
1750551128974,79.84,0.13,buy,293572760
1750551129005,79.85,0.321,buy,293572761
1750551129006,79.85,0.065,buy,293572762
1750551130311,79.86,0.386,buy,293572763
1750551130325,79.86,0.13,buy,293572764
1750551130468,79.87,0.451,buy,293572765
1750551130713,79.88,0.386,buy,293572766
1750551131332,79.89,0.386,buy,293572767
1750551131333,79.89,0.065,buy,293572768
1750551132293,79.9,0.39,buy,293572769
1750551132297,79.9,0.126,buy,293572770
1750551132760,79.91,0.325,buy,293572771
1750551132914,79.92,1.789,buy,293572772
1750551133002,79.92,0.13,buy,293572773
1750551134995,79.92,6.167,buy,293572774
1750551135067,79.93,0.451,buy,293572775
1750551135133,79.94,0.73,buy,293572776
1750551135488,79.92,0.22,sell,293572777
1750551135488,79.91,0.205,sell,293572778
1750551135492,79.91,0.607,sell,293572779
1750551136357,79.91,0.195,buy,293572780
1750551137615,79.92,0.386,buy,293572781
1750551137617,79.92,0.065,buy,293572782
1750551137755,79.93,0.451,buy,293572783
1750551138035,79.94,0.325,buy,293572784
1750551138129,79.95,0.26,buy,293572785
1750551138130,79.95,0.065,buy,293572786
1750551139414,79.96,0.325,buy,293572787
1750551139803,79.97,0.325,buy,293572788
1750551142087,79.97,15.096,sell,293572789
1750551142138,79.96,0.22,sell,293572790
1750551143006,79.96,0.26,buy,293572791
1750551143439,79.95,0.126,sell,293572792
1750551145425,79.94,0.126,sell,293572793
1750551146360,79.93,0.126,sell,293572794
1750551147569,79.93,55.706,buy,293572795
1750551147569,79.94,44.294,buy,293572796
1750551147981,79.92,0.346,sell,293572797
1750551147981,79.91,0.126,sell,293572798
1750551147981,79.9,0.709,sell,293572799
1750551148305,79.91,0.275,buy,293572800
1750551149577,79.91,0.26,buy,293572801
1750551149640,79.91,1.55,sell,293572802
1750551149646,79.91,2.214,sell,293572803
1750551149676,79.92,0.643,buy,293572804
1750551149799,79.92,0.256,buy,293572805
1750551149800,79.92,0.065,buy,293572806
1750551149800,79.93,0.451,buy,293572807
1750551151204,79.93,0.133,buy,293572808
1750551151446,79.92,0.476,sell,293572809
1750551151448,79.91,0.126,sell,293572810
1750551152488,79.9,0.195,sell,293572811
1750551152510,79.89,0.22,sell,293572812
1750551152510,79.88,0.404,sell,293572813
1750551152525,79.88,0.574,sell,293572814
1750551153049,79.89,0.916,buy,293572815
1750551153100,79.89,0.195,buy,293572816
1750551154001,79.88,0.195,sell,293572817
1750551154398,79.87,0.126,sell,293572818
1750551154402,79.86,0.195,sell,293572819
1750551154457,79.85,1.059,sell,293572820
1750551154457,79.85,1.513,sell,293572821
1750551154832,79.84,0.126,sell,293572822
1750551156304,79.84,0.325,buy,293572823
1750551156317,79.85,0.48,buy,293572824
1750551156514,79.86,0.451,buy,293572825
1750551156683,79.87,1.095,buy,293572826
1750551156683,79.87,1.095,buy,293572827
1750551156683,79.87,1.095,buy,293572828
1750551156683,79.87,0.979,buy,293572829
1750551158694,79.87,2.411,sell,293572830
1750551158706,79.88,0.375,buy,293572831
1750551158812,79.87,0.163,sell,293572832
1750551158943,79.86,0.816,sell,293572833
1750551158946,79.86,0.572,sell,293572834
1750551159898,79.86,0.126,sell,293572835
1750551159998,79.85,10.228,sell,293572836
1750551159999,79.85,4.992,sell,293572837
1750551160079,79.84,0.22,sell,293572838
1750551160128,79.83,0.35,sell,293572839
1750551160134,79.83,0.5,sell,293572840
1750551160728,79.84,0.26,buy,293572841
1750551161054,79.85,0.321,buy,293572842
1750551161104,79.86,0.415,buy,293572843
1750551161105,79.86,0.065,buy,293572844
1750551161592,79.87,2.5,buy,293572845
1750551162054,79.86,0.251,sell,293572846
1750551162926,79.87,0.386,buy,293572847
1750551162928,79.87,0.065,buy,293572848
1750551163002,79.88,1.251,buy,293572849
1750551164839,79.87,0.096,sell,293572850
1750551166083,79.87,0.195,buy,293572851
1750551167211,79.86,0.126,sell,293572852
1750551167251,79.85,0.22,sell,293572853
1750551167746,79.85,0.334,buy,293572854
1750551167913,79.86,0.321,buy,293572855
1750551167914,79.86,0.065,buy,293572856
1750551169558,79.87,0.26,buy,293572857
1750551169563,79.87,0.13,buy,293572858
1750551170476,79.88,0.451,buy,293572859
1750551170773,79.88,4.87,sell,293572860
1750551172518,79.88,0.388,buy,293572861
1750551173263,79.87,0.126,sell,293572862
1750551173312,79.86,0.22,sell,293572863
1750551173335,79.85,1.181,sell,293572864
1750551173352,79.84,0.856,sell,293572865
1750551173366,79.84,1.223,sell,293572866
1750551173660,79.83,8.57,sell,293572867
1750551173973,79.84,0.26,buy,293572868
1750551175294,79.85,12.37,buy,293572869
1750551175294,79.86,0.153,buy,293572870
1750551175318,79.85,4.363,sell,293572871
1750551175836,79.84,1.181,sell,293572872
1750551176096,79.85,0.195,buy,293572873
1750551176301,79.86,0.386,buy,293572874
1750551178806,79.85,29.505,buy,293572875
1750551178806,79.86,17.455,buy,293572876
1750551179089,79.84,0.126,sell,293572877
1750551179462,79.84,0.26,buy,293572878
1750551179823,79.84,0.247,sell,293572879
1750551180250,79.83,0.126,sell,293572880
1750551180371,79.83,0.26,buy,293572881
1750551181871,79.83,0.373,buy,293572882
1750551181873,79.84,16.148,buy,293572883
1750551181923,79.85,1.181,buy,293572884
1750551181940,79.84,1.446,sell,293572885
1750551181951,79.84,2.066,sell,293572886
1750551182242,79.85,0.13,buy,293572887
1750551182323,79.86,0.451,buy,293572888
1750551182323,79.87,0.73,buy,293572889
1750551182501,79.87,0.386,buy,293572890
1750551182503,79.87,0.065,buy,293572891
1750551182864,79.88,0.455,buy,293572892
1750551184283,79.89,0.386,buy,293572893
1750551184287,79.89,0.13,buy,293572894
1750551184390,79.9,0.33,buy,293572895
1750551184432,79.9,0.125,buy,293572896
1750551184432,79.91,0.48,buy,293572897
1750551184441,79.91,0.13,buy,293572898
1750551187068,79.91,0.455,buy,293572899
1750551187153,79.91,0.13,buy,293572900
1750551187238,79.91,2.98,sell,293572901
1750551187267,79.91,2.086,sell,293572902
1750551189322,79.92,0.284,buy,293572903
1750551190452,79.9,0.234,sell,293572904
1750551192881,79.9,0.779,buy,293572905
1750551193430,79.89,0.126,sell,293572906
1750551193476,79.88,0.22,sell,293572907
1750551194380,79.87,0.126,sell,293572908
1750551195780,79.87,0.195,buy,293572909
1750551195869,79.87,2.282,sell,293572910
1750551195871,79.87,3.131,sell,293572911
1750551195956,79.88,0.386,buy,293572912
1750551195958,79.88,0.065,buy,293572913
1750551196560,79.88,0.195,buy,293572914
1750551196694,79.89,0.39,buy,293572915
1750551196738,79.89,0.126,buy,293572916
1750551196812,79.9,0.386,buy,293572917
1750551196813,79.9,0.065,buy,293572918
1750551196930,79.91,0.386,buy,293572919
1750551197069,79.91,3.131,buy,293572920
1750551197349,79.91,0.289,buy,293572921
1750551197384,79.9,49.439,sell,293572922
1750551197384,79.89,22.05,sell,293572923
1750551198514,79.9,0.478,buy,293572924
1750551201328,79.9,0.195,buy,293572925
1750551202178,79.91,0.125,buy,293572926
1750551202558,79.9,0.089,sell,293572927
1750551202826,79.9,0.2,buy,293572928
1750551202833,79.9,0.125,buy,293572929
1750551202896,79.91,0.128,buy,293572930
1750551202915,79.91,0.328,buy,293572931
1750551202915,79.92,0.879,buy,293572932
1750551206928,79.91,0.195,buy,293572933
1750551207557,79.91,0.195,buy,293572934
1750551209299,79.9,0.126,sell,293572935
1750551210378,79.89,0.195,sell,293572936
1750551210383,79.88,4.361,sell,293572937
1750551210701,79.87,1,sell,293572938
1750551211072,79.88,0.325,buy,293572939
1750551211261,79.89,0.386,buy,293572940
1750551211261,79.9,0.319,buy,293572941
1750551211322,79.89,0.079,sell,293572942
1750551213277,79.89,2.002,buy,293572943
1750551213853,79.89,0.26,buy,293572944
1750551213913,79.9,1.776,buy,293572945
1750551213915,79.9,0.065,buy,293572946
1750551214049,79.91,0.386,buy,293572947
1750551214187,79.91,0.13,buy,293572948
1750551214187,79.92,0.52,buy,293572949
1750551215905,79.93,0.518,buy,293572950
1750551215923,79.94,0.484,buy,293572951
1750551215923,79.95,1.228,buy,293572952
1750551216874,79.95,0.26,buy,293572953
1750551217116,79.96,0.772,buy,293572954
1750551218175,79.97,0.451,buy,293572955
1750551220352,79.98,0.52,buy,293572956
1750551220360,79.99,12.477,buy,293572957
1750551220396,80,0.069,buy,293572958
1750551220554,79.99,0.387,sell,293572959
1750551220632,79.98,0.094,sell,293572960
1750551221699,79.98,0.26,buy,293572961
1750551222324,79.99,0.386,buy,293572962
1750551223544,80,0.71,buy,293572963
1750551223546,80,0.062,buy,293572964
1750551224575,80.01,0.451,buy,293572965
1750551224976,80.02,0.52,buy,293572966
1750551226205,80.02,1.081,sell,293572967
1750551229020,80.03,6.247,buy,293572968
1750551231513,80.03,0.988,buy,293572969
1750551231522,80.03,0.195,buy,293572970
1750551234441,80.04,0.52,buy,293572971
1750551234978,80.05,0.451,buy,293572972
1750551235361,80.05,0.631,sell,293572973
1750551235954,80.04,0.8,sell,293572974
1750551235957,80.04,0.56,sell,293572975
1750551238851,80.03,3.124,sell,293572976
1750551238851,80.03,3.124,sell,293572977
1750551238853,80.03,10,sell,293572978
1750551239271,80.04,0.195,buy,293572979
1750551239579,80.05,0.386,buy,293572980
1750551240144,80.04,0.22,sell,293572981
1750551240179,80.03,6.718,sell,293572982
1750551240233,80.02,1.376,sell,293572983
1750551240331,80.01,0.22,sell,293572984
1750551240384,80,0.22,sell,293572985
1750551240450,79.99,0.22,sell,293572986
1750551240470,79.98,4.383,sell,293572987
1750551241160,79.97,0.641,sell,293572988
1750551241185,79.96,0.195,sell,293572989
1750551241196,79.95,0.22,sell,293572990
1750551241201,79.94,22.509,sell,293572991
1750551241220,79.94,2.592,buy,293572992
1750551241247,79.94,0.962,buy,293572993
1750551241258,79.94,0.145,buy,293572994
1750551241270,79.94,0.331,buy,293572995
1750551241281,79.94,0.141,buy,293572996
1750551241295,79.94,0.169,buy,293572997
1750551241309,79.94,0.168,buy,293572998
1750551241332,79.94,0.271,buy,293572999
1750551241357,79.94,0.573,buy,293573000
1750551241393,79.94,0.452,buy,293573001
1750551242946,79.92,0.195,sell,293573002
1750551243534,79.92,7.636,buy,293573003
1750551243928,79.93,0.386,buy,293573004
1750551245712,79.94,0.451,buy,293573005
1750551246005,79.95,0.325,buy,293573006
1750551246030,79.96,1.458,buy,293573007
1750551246202,79.97,11.571,buy,293573008
1750551246202,79.97,0.065,buy,293573009
1750551246334,79.98,1.789,buy,293573010
1750551246881,79.97,2.581,buy,293573011
1750551248717,79.96,0.227,sell,293573012
1750551249134,79.96,0.195,buy,293573013
1750551250333,79.97,0.124,buy,293573014
1750551255715,79.96,0.175,sell,293573015
1750551256567,79.97,1.256,buy,293573016
1750551256597,79.98,0.451,buy,293573017
1750551256615,79.99,0.545,buy,293573018
1750551257393,79.98,0.088,sell,293573019
1750551258294,79.99,0.7,buy,293573020
1750551258294,79.99,0.064,buy,293573021
1750551258586,80,0.52,buy,293573022
1750551258586,80.01,0.545,buy,293573023
1750551258586,80.02,0.286,buy,293573024
1750551259372,80,0.126,sell,293573025
1750551260001,79.99,0.126,sell,293573026
1750551260012,79.98,0.126,sell,293573027
1750551263015,79.97,0.126,sell,293573028
1750551268151,79.97,6.62,buy,293573029
1750551268155,79.97,0.17,buy,293573030
1750551268254,79.96,0.08,sell,293573031
1750551268349,79.97,0.444,buy,293573032
1750551268663,79.97,0.137,buy,293573033
1750551269290,79.97,3,buy,293573034
1750551271824,79.96,0.076,sell,293573035
1750551271991,79.96,16.875,sell,293573036
1750551271992,79.96,2.575,sell,293573037
1750551272010,79.95,4.126,sell,293573038
1750551272079,79.94,4.22,sell,293573039
1750551272118,79.93,2.362,sell,293573040
1750551272135,79.92,0.519,sell,293573041
1750551272636,79.92,5.684,buy,293573042
1750551272637,79.92,0.065,buy,293573043
1750551272659,79.93,5.424,buy,293573044
1750551272756,79.94,0.48,buy,293573045
1750551272757,79.94,0.065,buy,293573046
1750551273750,79.93,0.126,sell,293573047
1750551274370,79.93,0.195,buy,293573048
1750551275655,79.93,0.779,buy,293573049
1750551276105,79.92,0.595,sell,293573050
1750551276653,79.92,0.126,sell,293573051
1750551276787,79.92,0.195,buy,293573052
1750551278034,79.93,1,buy,293573053
1750551279235,79.93,0.386,buy,293573054
1750551279257,79.94,0.545,buy,293573055
1750551279369,79.95,1.451,buy,293573056
1750551279721,79.96,0.72,buy,293573057
1750551279722,79.96,0.06,buy,293573058
1750551279791,79.97,0.491,buy,293573059
1750551279842,79.97,0.438,sell,293573060
1750551279845,79.97,0.307,sell,293573061
1750551280049,79.98,0.39,buy,293573062
1750551280249,79.99,0.386,buy,293573063
1750551280375,80,7.528,buy,293573064
1750551280395,80.01,0.415,buy,293573065
1750551280458,80.01,0.694,sell,293573066
1750551280470,80.01,0.991,sell,293573067
1750551280703,80.01,0.112,sell,293573068
1750551283101,80.01,11.655,buy,293573069
1750551283102,80.01,0.065,buy,293573070
1750551283103,80.02,30.677,buy,293573071
1750551283221,80.03,1.181,buy,293573072
1750551283339,80.03,0.13,buy,293573073
1750551283659,80.04,0.15,buy,293573074
1750551283928,80.04,0.37,buy,293573075
1750551283928,80.05,0.811,buy,293573076
1750551283930,80.05,0.069,buy,293573077
1750551284448,80.05,0.13,buy,293573078
1750551288158,80.06,0.52,buy,293573079
1750551288719,80.05,0.824,sell,293573080
1750551288723,80.04,0.22,sell,293573081
1750551289420,80.03,0.126,sell,293573082
1750551289498,80.02,0.126,sell,293573083
1750551289605,80.02,0.25,buy,293573084
1750551291074,79.99,0.103,sell,293573085
1750551291808,79.99,0.023,sell,293573086
1750551295076,79.98,0.264,sell,293573087
1750551296113,79.99,1.33,buy,293573088
1750551296678,79.99,0.858,buy,293573089
1750551298034,79.98,25.276,sell,293573090
1750551298049,79.97,0.126,sell,293573091
1750551298742,79.96,0.195,sell,293573092
1750551299412,79.95,0.126,sell,293573093
1750551299800,79.94,0.069,sell,293573094
1750551299813,79.93,0.22,sell,293573095
1750551300032,79.92,0.195,sell,293573096
1750551300042,79.91,0.126,sell,293573097
1750551300216,79.91,15.818,buy,293573098
1750551300357,79.92,0.325,buy,293573099
1750551300403,79.92,1.652,sell,293573100
1750551300467,79.93,11.636,buy,293573101
1750551300468,79.93,0.065,buy,293573102
1750551300728,79.94,0.451,buy,293573103
1750551301356,79.95,0.54,buy,293573104
1750551301358,79.95,0.063,buy,293573105
1750551301777,79.96,0.44,buy,293573106
1750551301777,79.97,0.741,buy,293573107
1750551301972,79.97,0.26,buy,293573108
1750551302017,79.98,1.529,buy,293573109
1750551302210,79.98,0.195,buy,293573110
1750551302365,79.99,0.39,buy,293573111
1750551302366,79.99,0.061,buy,293573112
1750551303154,80,0.462,buy,293573113
1750551303154,80.01,0.719,buy,293573114
1750551303170,80.01,1.181,buy,293573115
1750551303299,80.01,0.13,buy,293573116
1750551304151,80,0.8,sell,293573117
1750551304163,80,0.56,sell,293573118
1750551304820,80.01,0.397,buy,293573119
1750551305663,80.02,0.46,buy,293573120
1750551305664,80.02,0.06,buy,293573121
1750551306265,80.03,0.588,buy,293573122
1750551306265,80.04,4.675,buy,293573123
1750551306265,80.05,19.041,buy,293573124
1750551306267,80.06,0.069,buy,293573125
1750551306344,80.05,3.124,sell,293573126
1750551306347,80.05,3.124,sell,293573127
1750551306902,80.06,0.546,buy,293573128
1750551307506,80.06,4.057,buy,293573129
1750551308032,80.07,0.52,buy,293573130
1750551308263,80.08,0.99,buy,293573131
1750551308307,80.09,0.46,buy,293573132
1750551308318,80.09,0.124,buy,293573133
1750551308760,80.08,11.469,sell,293573134
1750551308803,80.07,10.369,sell,293573135
1750551308804,80.07,1.1,sell,293573136
1750551309027,80.06,1.363,sell,293573137
1750551309033,80.06,1.947,sell,293573138
1750551309601,80.07,0.332,buy,293573139
1750551309603,80.07,0.065,buy,293573140
1750551309880,80.08,0.451,buy,293573141
1750551310759,80.07,0.093,sell,293573142
1750551310875,80.06,2.433,sell,293573143
1750551310891,80.06,1.703,sell,293573144
1750551311246,80.06,1.705,sell,293573145
1750551312755,80.08,0.255,buy,293573146
1750551313473,80.08,4.74,sell,293573147
1750551313500,80.07,0.219,sell,293573148
1750551313564,80.06,0.125,sell,293573149
1750551314215,80.05,32.033,sell,293573150
1750551314387,80.04,0.26,buy,293573151
1750551314448,80.04,2.118,sell,293573152
1750551314483,80.04,3.026,sell,293573153
1750551314553,80.05,0.13,buy,293573154
1750551314554,80.05,0.065,buy,293573155
1750551314637,80.06,0.414,buy,293573156
1750551314859,80.06,0.13,buy,293573157
1750551314859,80.07,13.476,buy,293573158
1750551315990,80.06,0.195,buy,293573159
1750551316067,80.07,0.414,buy,293573160
1750551316602,80.07,0.141,sell,293573161
1750551316798,80.07,0.26,buy,293573162
1750551316857,80.07,1.744,sell,293573163
1750551316873,80.07,1.221,sell,293573164
1750551317429,80.07,0.156,buy,293573165
1750551317536,80.06,0.125,sell,293573166
1750551317762,80.06,0.26,buy,293573167
1750551318472,80.05,0.22,sell,293573168
1750551318799,80.04,0.126,sell,293573169
1750551318802,80.03,0.126,sell,293573170
1750551319307,80.01,0.126,sell,293573171
1750551319487,80.01,1.058,buy,293573172
1750551319730,80,0.195,sell,293573173
1750551320130,80,0.195,buy,293573174
1750551320372,80.01,0.386,buy,293573175
1750551320934,80.02,0.385,buy,293573176
1750551321683,80.03,0.325,buy,293573177
1750551322313,80.03,1.351,sell,293573178
1750551323562,80.04,0.52,buy,293573179
1750551324812,80.03,0.56,sell,293573180
1750551327050,80.03,0.126,sell,293573181
1750551327086,80.02,0.094,sell,293573182
1750551327226,80.01,0.126,sell,293573183
1750551327292,80,0.22,sell,293573184
1750551327380,79.99,0.22,sell,293573185
1750551327466,79.98,0.195,sell,293573186
1750551327606,79.97,18.875,sell,293573187
1750551327613,79.96,9.235,sell,293573188
1750551327614,79.96,6.27,sell,293573189
1750551327615,79.96,3.533,sell,293573190
1750551327753,79.95,0.126,sell,293573191
1750551328181,79.94,0.195,buy,293573192
1750551328464,79.94,1.292,sell,293573193
1750551328465,79.94,1.846,sell,293573194
1750551328824,79.95,0.619,buy,293573195
1750551328854,79.96,0.48,buy,293573196
1750551331184,79.96,12.506,buy,293573197
1750551331243,79.95,6.496,sell,293573198
1750551331700,79.94,0.126,sell,293573199
1750551331853,79.93,0.621,sell,293573200
1750551331913,79.93,0.09,buy,293573201
1750551334173,79.92,0.195,sell,293573202
1750551334225,79.91,0.22,sell,293573203
1750551334225,79.9,1.534,sell,293573204
1750551334603,79.9,0.13,buy,293573205
1750551334604,79.9,0.065,buy,293573206
1750551334712,79.91,0.39,buy,293573207
1750551334812,79.91,0.126,buy,293573208
1750551334812,79.92,0.545,buy,293573209
1750551337158,79.93,0.451,buy,293573210
1750551337192,79.94,0.419,buy,293573211
1750551337192,79.95,0.48,buy,293573212
1750551337192,79.96,5.288,buy,293573213
1750551337220,79.96,1.691,buy,293573214
1750551337243,79.95,1.798,sell,293573215
1750551337246,79.95,2.569,sell,293573216
1750551337542,79.96,0.451,buy,293573217
1750551337964,79.97,0.451,buy,293573218
1750551338720,79.96,0.126,sell,293573219
1750551341101,79.95,0.386,sell,293573220
1750551341103,79.94,0.126,sell,293573221
1750551341112,79.93,1.181,sell,293573222
1750551341301,79.94,8.19,buy,293573223
1750551341315,79.94,0.13,buy,293573224
1750551341621,79.95,0.26,buy,293573225
1750551341622,79.95,0.061,buy,293573226
1750551341773,79.96,0.1,buy,293573227
1750551342840,79.95,0.195,buy,293573228
1750551343788,79.94,0.126,sell,293573229
1750551344223,79.94,0.26,buy,293573230
1750551345363,79.95,0.451,buy,293573231
1750551346169,79.96,0.36,buy,293573232
1750551346171,79.96,0.056,buy,293573233
1750551346190,79.97,0.39,buy,293573234
1750551346190,79.97,0.061,buy,293573235
1750551346308,79.98,0.46,buy,293573236
1750551346313,79.98,0.125,buy,293573237
1750551346550,79.99,0.256,buy,293573238
1750551346645,79.99,0.13,buy,293573239
1750551348367,80,0.451,buy,293573240
1750551348771,80.01,0.451,buy,293573241
1750551348880,80.02,1.181,buy,293573242
1750551349042,80.02,0.197,buy,293573243
1750551349427,80.01,0.135,sell,293573244
1750551349616,80,0.126,sell,293573245
1750551349620,79.99,0.126,sell,293573246
1750551351822,79.98,0.126,sell,293573247
1750551353502,79.96,0.126,sell,293573248
1750551353720,79.95,8.483,sell,293573249
1750551353721,79.95,6.643,sell,293573250
1750551353798,79.94,0.126,sell,293573251
1750551353837,79.93,1.513,sell,293573252
1750551353845,79.93,1.059,sell,293573253
1750551354337,79.92,2.701,sell,293573254
1750551355003,79.93,0.26,buy,293573255
1750551355216,79.94,0.451,buy,293573256
1750551355238,79.95,0.451,buy,293573257
1750551356524,79.94,0.126,sell,293573258
1750551356635,79.93,0.813,sell,293573259
1750551356641,79.93,0.569,sell,293573260
1750551357381,79.94,0.325,buy,293573261
1750551358583,79.95,0.078,buy,293573262
1750551359226,79.95,0.438,buy,293573263
1750551360102,79.96,0.451,buy,293573264
1750551360329,79.96,8.537,sell,293573265
1750551360329,79.96,4.644,sell,293573266
1750551360925,79.95,0.126,sell,293573267
1750551361738,79.94,0.126,sell,293573268
1750551361960,79.93,1.181,sell,293573269
1750551361961,79.93,0.32,sell,293573270
1750551361963,79.93,13.625,sell,293573271
1750551361974,79.92,0.189,sell,293573272
1750551362017,79.91,1.181,sell,293573273
1750551362087,79.91,1.059,sell,293573274
1750551362099,79.9,1.513,sell,293573275
1750551363020,79.91,0.325,buy,293573276
1750551363030,79.92,0.545,buy,293573277
1750551363126,79.93,0.48,buy,293573278
1750551363177,79.94,0.545,buy,293573279
1750551363296,79.94,0.282,sell,293573280
1750551364715,79.93,0.126,sell,293573281
1750551364892,79.92,0.126,sell,293573282
1750551365089,79.92,0.26,buy,293573283
1750551366181,79.93,0.451,buy,293573284
1750551366368,79.93,0.195,buy,293573285
1750551366616,79.94,0.451,buy,293573286
1750551366625,79.95,0.545,buy,293573287
1750551367124,79.94,0.243,sell,293573288
1750551367296,79.93,0.126,sell,293573289
1750551367559,79.93,0.26,buy,293573290
1750551367672,79.93,2.135,sell,293573291
1750551367673,79.93,1.495,sell,293573292
1750551368092,79.93,0.195,buy,293573293
1750551368819,79.93,0.546,buy,293573294
1750551370248,79.93,0.325,buy,293573295
1750551370323,79.94,0.545,buy,293573296
1750551370371,79.94,3.128,sell,293573297
1750551370376,79.94,2.68,sell,293573298
1750551370892,79.93,0.126,sell,293573299
1750551372002,79.93,0.26,buy,293573300
1750551374050,79.93,0.195,buy,293573301
1750551374054,79.94,3.875,buy,293573302
1750551375020,79.93,0.126,sell,293573303
1750551375153,79.92,1.759,sell,293573304
1750551375247,79.92,1.181,sell,293573305
1750551375250,79.92,1.926,sell,293573306
1750551375252,79.92,10.26,sell,293573307
1750551375253,79.91,0.189,sell,293573308
1750551375320,79.9,0.773,sell,293573309
1750551375320,79.89,0.408,sell,293573310
1750551376036,79.9,0.325,buy,293573311
1750551376038,79.91,0.545,buy,293573312
1750551377184,79.92,0.39,buy,293573313
1750551377184,79.92,0.061,buy,293573314
1750551377942,79.93,0.451,buy,293573315
1750551378034,79.94,0.39,buy,293573316
1750551378037,79.94,0.061,buy,293573317
1750551378138,79.95,0.386,buy,293573318
1750551378494,79.94,0.26,buy,293573319
1750551378566,79.95,0.625,buy,293573320
1750551379830,79.95,8.316,buy,293573321
1750551379830,79.95,0.065,buy,293573322
1750551379938,79.96,1.181,buy,293573323
1750551380179,79.95,0.195,buy,293573324
1750551380772,79.96,0.321,buy,293573325
1750551381104,79.97,0.39,buy,293573326
1750551381107,79.97,0.061,buy,293573327
1750551381121,79.98,0.52,buy,293573328
1750551381284,79.99,0.386,buy,293573329
1750551381286,79.99,0.065,buy,293573330
1750551381392,80,0.394,buy,293573331
1750551381560,80.01,0.26,buy,293573332
1750551381618,80.02,0.614,buy,293573333
1750551381851,80.03,0.321,buy,293573334
1750551383075,80.04,0.52,buy,293573335
1750551383476,80.05,0.32,buy,293573336
1750551383524,80.06,0.728,buy,293573337
1750551384161,80.06,8.414,buy,293573338
1750551384189,80.07,0.544,buy,293573339
1750551384189,80.08,3.456,buy,293573340
1750551384336,80.08,0.325,buy,293573341
1750551384559,80.09,0.45,buy,293573342
1750551384794,80.1,0.614,buy,293573343
1750551384814,80.11,1.228,buy,293573344
1750551385220,80.11,0.195,buy,293573345
1750551385252,80.12,11.827,buy,293573346
1750551385370,80.12,1.419,sell,293573347
1750551385375,80.12,2.028,sell,293573348
1750551386089,80.11,0.125,sell,293573349
1750551386123,80.1,0.219,sell,293573350
1750551386212,80.09,0.094,sell,293573351
1750551386227,80.08,1.181,sell,293573352
1750551387182,80.09,1.987,buy,293573353
1750551387182,80.1,2.553,buy,293573354
1750551387649,80.09,3.084,sell,293573355
1750551388374,80.1,1.835,buy,293573356
1750551388627,80.11,0.45,buy,293573357
1750551388855,80.12,0.087,buy,293573358
1750551388927,80.11,12.063,sell,293573359
1750551389652,80.1,0.125,sell,293573360
1750551389773,80.09,0.125,sell,293573361
1750551389773,80.08,0.125,sell,293573362
1750551389773,80.07,0.562,sell,293573363
1750551389786,80.07,0.569,sell,293573364
1750551390261,80.07,0.126,sell,293573365
1750551390405,80.06,0.126,sell,293573366
1750551391632,80.05,1.886,sell,293573367
1750551391641,80.05,1.32,sell,293573368
1750551391647,80.04,0.126,sell,293573369
1750551392072,80.04,1.544,buy,293573370
1750551392778,80.05,0.321,buy,293573371
1750551392778,80.06,0.495,buy,293573372
1750551393386,80.06,1.412,buy,293573373
1750551393386,80.07,0.45,buy,293573374
1750551393386,80.08,2.975,buy,293573375
1750551394687,80.07,0.094,sell,293573376
1750551394809,80.06,0.126,sell,293573377
1750551394852,80.05,0.126,sell,293573378
1750551396559,80.04,0.126,sell,293573379
1750551396604,80.03,0.126,sell,293573380
1750551397436,80.02,0.195,sell,293573381
1750551397518,80.01,0.126,sell,293573382
1750551397603,80,0.126,sell,293573383
1750551397842,80,0.137,buy,293573384
1750551398189,79.99,0.126,sell,293573385
1750551398282,79.98,0.195,sell,293573386
1750551398394,79.98,1.061,buy,293573387
1750551398655,79.99,0.321,buy,293573388
1750551398687,80,0.386,buy,293573389
1750551398792,80.01,6.337,buy,293573390
1750551398797,80.02,0.545,buy,293573391
1750551398797,80.03,3.219,buy,293573392
1750551398826,80.03,0.415,buy,293573393
1750551398916,80.04,0.766,buy,293573394
1750551399561,80.02,0.22,sell,293573395
1750551399652,80.01,0.8,sell,293573396
1750551399660,80.01,0.56,sell,293573397
1750551400567,80.01,1.555,buy,293573398
1750551400655,80.01,0.105,buy,293573399
1750551400711,80,0.126,sell,293573400
1750551400756,79.99,0.169,sell,293573401
1750551402963,79.99,0.164,sell,293573402
1750551404854,79.99,0.862,buy,293573403
1750551404942,79.99,0.309,sell,293573404
1750551404945,79.99,0.441,sell,293573405
1750551405628,80,0.451,buy,293573406
1750551406224,79.99,0.246,sell,293573407
1750551406645,79.99,0.412,buy,293573408
1750551406656,79.99,0.404,buy,293573409
1750551406659,79.99,0.235,buy,293573410
1750551406661,79.99,0.195,buy,293573411
1750551406763,80,0.386,buy,293573412
1750551406776,80.01,0.451,buy,293573413
1750551406816,80.02,0.73,buy,293573414
1750551408866,80.02,0.494,buy,293573415
1750551409038,80,0.126,sell,293573416
1750551409425,79.99,0.126,sell,293573417
1750551409452,79.98,0.687,sell,293573418
1750551409455,79.98,0.569,sell,293573419
1750551409624,79.98,0.195,buy,293573420
1750551414112,80.02,0.26,buy,293573440
1750551414483,80.03,0.603,buy,293573441
1750551414507,80.04,0.451,buy,293573442
1750551414747,80.05,0.451,buy,293573443
1750551415677,80.06,0.601,buy,293573444
1750551416972,80.07,0.601,buy,293573445
1750551416972,80.08,0.32,buy,293573446
1750551417422,80.08,0.195,buy,293573447
1750551417676,80.09,0.45,buy,293573448
1750551417676,80.1,0.106,buy,293573449
1750551418025,80.1,0.656,buy,293573450
1750551418040,80.11,1.441,buy,293573451
1750551419030,80.11,0.26,buy,293573452
1750551419030,80.12,0.54,buy,293573453
1750551420174,80.1,0.372,sell,293573454
1750551420396,80.09,0.125,sell,293573455
1750551420412,80.08,0.219,sell,293573456
1750551420441,80.07,4.241,sell,293573457
1750551420487,80.06,7.912,sell,293573458
1750551420487,80.06,14.251,sell,293573459
1750551420583,80.05,0.126,sell,293573460
1750551420598,80.04,12.461,sell,293573461
1750551420604,80.04,5.409,sell,293573462
1750551420913,80.03,0.126,sell,293573463
1750551420913,80.02,0.314,sell,293573464
1750551421002,80.02,16.109,buy,293573465
1750551421353,80.02,0.195,buy,293573466
1750551421963,80.01,0.126,sell,293573467
1750551422063,80.01,7.525,buy,293573468
1750551422514,80.01,0.195,buy,293573469
1750551422574,80.02,11.73,buy,293573470
1750551422917,80.03,0.638,buy,293573471
1750551424238,80.02,0.462,buy,293573472
1750551424999,80.02,1.343,buy,293573473
1750551424999,80.03,0.657,buy,293573474
1750551426668,80.01,0.126,sell,293573475
1750551427386,80.01,0.397,buy,293573476
1750551427770,80.02,0.567,buy,293573477
1750551428165,80.02,0.195,buy,293573478
1750551428540,80.03,1.74,buy,293573479
1750551430080,80.02,0.26,buy,293573480
1750551430909,80.02,0.26,buy,293573481
1750551434794,80.01,0.325,buy,293573482
1750551434800,80.02,11.73,buy,293573483
1750551434890,80.03,0.545,buy,293573484
1750551434956,80.04,1.779,buy,293573485
1750551434981,80.03,2.374,sell,293573486
1750551436204,80.03,0.562,buy,293573487
1750551436816,80.03,0.325,buy,293573488
1750551437598,80.04,0.451,buy,293573489
1750551437723,80.05,0.45,buy,293573490
1750551437800,80.06,0.45,buy,293573491
1750551437827,80.07,1.181,buy,293573492
1750551437850,80.07,0.13,buy,293573493
1750551438139,80.06,0.189,sell,293573494
1750551438339,80.06,0.195,buy,293573495
1750551439583,80.04,0.063,sell,293573496
1750551439614,80.03,0.126,sell,293573497
1750551443092,80.02,0.126,sell,293573498
1750551443623,80.01,0.126,sell,293573499
1750551443760,80,0.429,sell,293573500
1750551443782,79.99,0.126,sell,293573501
1750551443814,79.99,1.181,buy,293573502
1750551445396,79.98,0.069,sell,293573503
1750551445695,79.97,0.126,sell,293573504
1750551446466,79.96,5.67,sell,293573505
1750551446470,79.96,2.52,sell,293573506
1750551446470,79.95,4.32,sell,293573507
1750551447314,79.95,0.195,buy,293573508
1750551447518,79.96,0.386,buy,293573509
1750551447527,79.97,0.42,buy,293573510
1750551447530,79.97,0.06,buy,293573511
1750551447565,79.98,0.42,buy,293573512
1750551447566,79.98,0.06,buy,293573513
1750551448695,79.98,0.351,sell,293573514
1750551449631,79.97,0.126,sell,293573515
1750551450014,79.97,0.195,buy,293573516
1750551450531,79.96,0.126,sell,293573517
1750551452219,79.95,0.3,buy,293573518
1750551453204,79.96,2.5,buy,293573519
1750551454834,79.95,0.195,buy,293573520
1750551455147,79.96,0.195,buy,293573521
1750551455177,79.97,0.451,buy,293573522
1750551455370,79.98,0.321,buy,293573523
1750551457424,79.99,0.321,buy,293573524
1750551457453,80,0.354,buy,293573525
1750551457527,80.01,0.22,buy,293573526
1750551459003,80.02,0.126,buy,293573527
1750551459573,80.03,0.126,buy,293573528
1750551459707,80.04,0.195,buy,293573529
1750551459732,80.05,0.22,buy,293573530
1750551459764,80.06,0.22,buy,293573531
1750551461244,80.07,0.126,buy,293573532
1750551461587,80.08,0.125,buy,293573533
1750551462586,80.09,0.125,buy,293573534
1750551462586,80.1,0.07,buy,293573535
1750551463269,80.09,0.084,sell,293573536
1750551463284,80.08,0.188,sell,293573537
1750551463410,80.07,0.125,sell,293573538
1750551465218,80.06,1.32,sell,293573539
1750551465220,80.06,1.886,sell,293573540
1750551467002,80.05,0.126,sell,293573541
1750551467559,80.05,2.084,sell,293573542
1750551467751,80.06,1.249,buy,293573543
1750551468244,80.04,0.189,sell,293573544
1750551469686,80.05,0.255,buy,293573545
1750551469926,80.06,0.126,buy,293573546
1750551470493,80.06,0.282,buy,293573547
1750551470700,80.06,0.167,buy,293573548
1750551471202,80.07,0.219,buy,293573549
1750551471264,80.08,0.219,buy,293573550
1750551471894,80.08,0.56,sell,293573551
1750551472140,80.07,1.157,sell,293573552
1750551473274,80.08,0.125,buy,293573553
1750551473336,80.08,1.996,sell,293573554
1750551474034,80.09,0.125,buy,293573555
1750551475494,80.08,0.282,sell,293573556
1750551475592,80.07,0.125,sell,293573557
1750551476413,80.06,0.298,sell,293573558
1750551477254,80.05,2.075,sell,293573559
1750551477260,80.04,2.634,sell,293573560
1750551478623,80.03,0.126,sell,293573561
1750551478852,80.02,0.258,sell,293573562
1750551478852,80.01,0.189,sell,293573563
1750551478852,80,0.04,sell,293573564
1750551479313,80,0.463,sell,293573565
1750551480891,80.02,8.362,buy,293573566
1750551480891,80.03,10.624,buy,293573567
1750551480891,80.04,8.589,buy,293573568
1750551480953,80.03,4.76,sell,293573569
1750551481060,80.02,0.189,sell,293573570
1750551481079,80.01,0.535,sell,293573571
1750551481161,80.02,2.57,buy,293573572
1750551481179,80.02,0.127,buy,293573573
1750551481224,80.03,0.415,buy,293573574
1750551481346,80.04,1.947,buy,293573575
1750551481823,80.02,0.189,sell,293573576
1750551481859,80.02,4.877,buy,293573577
1750551481876,80.03,0.35,buy,293573578
1750551481876,80.03,5.482,buy,293573579
1750551481877,80.03,0.065,buy,293573580
1750551481880,80.04,14.865,buy,293573581
1750551481895,80.04,4.795,sell,293573582
1750551481925,80.05,1.181,buy,293573583
1750551481958,80.04,3.033,sell,293573584
1750551481977,80.04,3.323,sell,293573585
1750551482776,80.02,0.189,sell,293573586
1750551484498,80.01,0.126,sell,293573587
1750551484628,80,0.063,sell,293573588
1750551484689,79.99,0.22,sell,293573589
1750551485763,79.99,0.26,buy,293573590
1750551485765,79.99,0.065,buy,293573591
1750551485776,80,0.451,buy,293573592
1750551485814,80.01,0.354,buy,293573593
1750551485814,80.02,2.119,buy,293573594
1750551486910,80,0.22,sell,293573595
1750551486943,79.99,0.56,sell,293573596
1750551486946,79.99,0.8,sell,293573597
1750551487292,79.99,0.195,buy,293573598
1750551487583,80,0.26,buy,293573599
1750551487592,80,0.13,buy,293573600
1750551487610,80.01,0.48,buy,293573601
1750551487651,80.01,3.125,sell,293573602
1750551487743,80.02,0.386,buy,293573603
1750551487744,80.02,0.065,buy,293573604
1750551487857,80.03,0.325,buy,293573605
1750551489773,80.03,0.547,buy,293573606
1750551489773,80.04,0.333,buy,293573607
1750551489867,80.04,0.187,buy,293573608
1750551491187,80.04,4.59,sell,293573609
1750551491453,80.03,0.126,sell,293573610
1750551492897,80.02,1.475,buy,293573611
1750551494273,80.01,0.26,buy,293573612
1750551496364,80.01,8.549,buy,293573613
1750551496367,80.01,0.065,buy,293573614
1750551496390,80.02,0.48,buy,293573615
1750551496391,80.02,0.065,buy,293573616
1750551496667,80.03,0.386,buy,293573617
1750551496674,80.03,0.13,buy,293573618
1750551496779,80.04,0.386,buy,293573619
1750551496803,80.04,0.13,buy,293573620
1750551496817,80.05,0.545,buy,293573621
1750551496817,80.06,1.831,buy,293573622
1750551497307,80.06,0.329,buy,293573623
1750551497344,80.07,0.26,buy,293573624
1750551497346,80.07,0.065,buy,293573625
1750551498763,80.06,0.227,sell,293573626
1750551499764,80.06,0.26,buy,293573627
1750551500092,80.07,0.32,buy,293573628
1750551500094,80.07,0.065,buy,293573629
1750551500709,80.08,0.2,buy,293573630
1750551501036,80.07,0.592,sell,293573631
1750551501054,80.06,1.181,sell,293573632
1750551501130,80.05,0.126,sell,293573633
1750551501355,80.04,0.126,sell,293573634
1750551502971,80.04,0.26,buy,293573635
1750551503086,80.05,0.386,buy,293573636
1750551503086,80.06,0.795,buy,293573637
1750551503609,80.04,0.126,sell,293573638
1750551504594,80.04,0.325,buy,293573639
1750551506824,80.03,0.126,sell,293573640
1750551506910,80.02,0.22,sell,293573641
1750551506926,80.01,1.437,sell,293573642
1750551506934,80.01,1.006,sell,293573643
1750551507009,80,0.798,sell,293573644
1750551507555,79.99,0.126,sell,293573645
1750551507949,79.98,0.069,sell,293573646
1750551508435,79.98,0.116,buy,293573647
1750551508664,79.99,0.126,buy,293573648
1750551508731,80,0.126,buy,293573649
1750551508851,80.01,0.825,sell,293573650
1750551508852,80.01,1.178,sell,293573651
1750551508917,80.02,1.347,buy,293573652
1750551509065,80.02,2.555,buy,293573653
1750551509185,80.03,1.181,buy,293573654
1750551510507,80.01,0.126,sell,293573655
1750551511679,80,0.083,sell,293573656
1750551513302,80.01,0.082,buy,293573657
1750551513685,80.02,0.126,buy,293573658
1750551513928,80.03,0.126,buy,293573659
1750551514113,80.04,0.126,buy,293573660
1750551514113,80.05,0.22,buy,293573661
1750551514693,80.04,0.125,buy,293573662
1750551514717,80.04,0.835,buy,293573663
1750551515172,80.03,0.126,sell,293573664
1750551515479,80.04,19.787,buy,293573665
1750551515561,80.04,0.126,buy,293573666
1750551515863,80.05,0.126,buy,293573667
1750551515939,80.06,1.181,buy,293573668
1750551516979,80.07,1.5,buy,293573669
1750551517176,80.05,0.126,sell,293573670
1750551517583,80.06,0.125,buy,293573671
1750551518197,80.05,0.219,sell,293573672
1750551518432,80.05,0.477,buy,293573673
1750551520455,80.06,0.086,buy,293573674
1750551520555,80.06,0.039,buy,293573675
1750551520580,80.07,0.219,buy,293573676
1750551520631,80.08,16.057,buy,293573677
1750551520773,80.09,0.125,buy,293573678
1750551520843,80.1,1.181,buy,293573679
1750551521833,80.1,1.263,buy,293573680
1750551523381,80.11,0.125,buy,293573681
1750551523426,80.12,0.54,buy,293573682
1750551523822,80.14,1.181,buy,293573683
1750551524362,80.12,0.319,sell,293573684
1750551524469,80.11,0.094,sell,293573685
1750551524542,80.11,0.078,buy,293573686
1750551524576,80.1,0.125,sell,293573687
1750551524612,80.09,0.334,sell,293573688
1750551527800,80.09,10,buy,293573689
1750551528114,80.09,0.432,buy,293573690
1750551528555,80.08,0.22,sell,293573691
1750551528565,80.08,16.875,sell,293573692
1750551528596,80.07,0.126,sell,293573693
1750551528823,80.06,0.126,sell,293573694
1750551529749,80.05,0.126,sell,293573695
1750551529820,80.04,0.289,sell,293573696
1750551529940,80.03,1.805,sell,293573697
1750551530314,80.02,0.195,sell,293573698
1750551530652,80.01,0.126,sell,293573699
1750551531001,80,2.785,sell,293573700
1750551531350,80.01,4.14,buy,293573701
1750551531464,80.02,0.126,buy,293573702
1750551532191,80.03,0.126,buy,293573703
1750551532198,80.04,0.126,buy,293573704
1750551532979,80.05,0.331,buy,293573705
1750551533469,80.06,0.126,buy,293573706
1750551533935,80.07,0.383,buy,293573707
1750551534832,80.06,1.166,buy,293573708
1750551535134,80.07,0.125,buy,293573709
1750551536103,80.09,0.125,buy,293573710
1750551536505,80.1,0.194,buy,293573711
1750551536508,80.11,0.282,buy,293573712
1750551536521,80.12,0.313,buy,293573713
1750551536544,80.13,17.869,buy,293573714
1750551536651,80.14,11.891,buy,293573715
1750551536706,80.14,1.951,sell,293573716
1750551536715,80.14,2.787,sell,293573717
1750551536982,80.15,0.224,buy,293573718
1750551538180,80.14,0.125,sell,293573719
1750551539244,80.12,0.8,sell,293573720
1750551539245,80.12,0.56,sell,293573721
1750551540185,80.13,0.24,buy,293573722
1750551540189,80.14,7.279,buy,293573723
1750551540286,80.14,3.101,sell,293573724
1750551540314,80.15,0.219,buy,293573725
1750551540361,80.15,2.171,sell,293573726
1750551540598,80.16,0.194,buy,293573727
1750551540920,80.17,0.254,buy,293573728
1750551540935,80.18,0.194,buy,293573729
1750551541015,80.19,0.219,buy,293573730
1750551542149,80.2,0.194,buy,293573731
1750551542382,80.21,0.125,buy,293573732
1750551542572,80.21,19.406,sell,293573733
1750551542671,80.2,18.698,sell,293573734
1750551542707,80.19,10.359,sell,293573735
1750551542807,80.18,2.493,sell,293573736
1750551542911,80.18,8.882,sell,293573737
1750551542953,80.17,10.36,sell,293573738
1750551542953,80.17,1.109,sell,293573739
1750551543774,80.16,1.181,sell,293573740
1750551543805,80.17,18.255,buy,293573741
1750551543805,80.18,1.394,buy,293573742
1750551544191,80.17,0.195,buy,293573743
1750551544302,80.18,0.385,buy,293573744
1750551544926,80.18,3.185,buy,293573745
1750551545528,80.17,0.08,sell,293573746
1750551545640,80.16,0.566,sell,293573747
1750551545671,80.16,12.753,buy,293573748
1750551545691,80.16,0.808,sell,293573749
1750551546058,80.17,0.45,buy,293573750
1750551546169,80.18,0.45,buy,293573751
1750551546607,80.19,0.45,buy,293573752
1750551547598,80.2,0.45,buy,293573753
1750551547650,80.2,2.051,sell,293573754
1750551547677,80.2,1.436,sell,293573755
1750551547886,80.21,0.32,buy,293573756
1750551547888,80.21,0.065,buy,293573757
1750551548140,80.22,0.454,buy,293573758
1750551548463,80.23,0.45,buy,293573759
1750551549940,80.24,0.646,buy,293573760
1750551550217,80.23,0.125,sell,293573761
1750551550927,80.22,2.536,sell,293573762
1750551551091,80.23,0.26,buy,293573763
1750551552911,80.23,2.457,buy,293573764
1750551553126,80.22,0.125,sell,293573765
1750551554015,80.22,0.325,buy,293573766
1750551554563,80.21,0.125,sell,293573767
1750551554800,80.21,0.195,buy,293573768
1750551555229,80.21,0.779,buy,293573769
1750551555937,80.2,0.125,sell,293573770
1750551556032,80.19,1.181,sell,293573771
1750551557843,80.18,1.032,sell,293573772
