timestamp,price,quantity,side,tradeId
1750579201452,81.33,0.736,buy,293595867
1750579201534,81.32,0.109,sell,293595868
1750579202733,81.33,0.228,buy,293595869
1750579205456,81.33,6.283,sell,293595870
1750579205457,81.33,0.065,sell,293595871
1750579209992,81.32,8.081,sell,293595872
1750579209992,81.31,3.409,sell,293595873
1750579209998,81.32,1.264,buy,293595874
1750579225016,81.33,4.976,buy,293595875
1750579225240,81.33,2.683,buy,293595876
1750579225399,81.33,0.082,buy,293595877
1750579225466,81.33,0.952,buy,293595878
1750579228320,81.33,2.459,buy,293595879
1750579230066,81.32,2.159,sell,293595880
1750579230129,81.32,5.261,sell,293595881
1750579230129,81.31,1.855,sell,293595882
1750579231239,81.33,0.21,buy,293595883
1750579231544,81.34,0.191,buy,293595884
1750579237534,81.35,0.216,buy,293595885
1750579243837,81.35,0.307,buy,293595886
1750579246229,81.35,24.156,buy,293595887
1750579246229,81.36,24.497,buy,293595888
1750579246716,81.35,1.475,sell,293595889
1750579246777,81.34,0.613,sell,293595890
1750579246779,81.34,0.065,sell,293595891
1750579246853,81.33,0.384,sell,293595892
1750579246855,81.33,0.065,sell,293595893
1750579253741,81.33,0.154,buy,293595894
1750579254535,81.33,7.869,buy,293595895
1750579258411,81.32,0.242,sell,293595896
1750579259109,81.33,0.123,buy,293595897
1750579259811,81.33,0.12,buy,293595898
1750579260753,81.34,0.232,buy,293595899
1750579265003,81.34,0.098,buy,293595900
1750579265479,81.33,0.128,sell,293595901
1750579267299,81.34,0.123,buy,293595902
1750579268206,81.34,5.997,buy,293595903
1750579268206,81.35,7.91,buy,293595904
1750579275067,81.34,0.348,sell,293595905
1750579275068,81.34,0.065,sell,293595906
1750579281468,81.34,0.536,buy,293595907
1750579288995,81.34,23.556,buy,293595908
1750579290633,81.34,23.322,sell,293595909
1750579294292,81.34,2.73,buy,293595910
1750579294811,81.34,0.154,buy,293595911
1750579302234,81.34,0.147,sell,293595912
1750579305579,81.35,0.068,buy,293595913
1750579306960,81.36,0.192,buy,293595914
1750579306976,81.37,0.284,buy,293595915
1750579307025,81.38,0.897,buy,293595916
1750579308572,81.38,0.838,buy,293595917
1750579309066,81.38,0.103,buy,293595918
1750579312158,81.39,2.218,buy,293595919
1750579315039,81.39,0.191,buy,293595920
1750579320201,81.39,5,sell,293595921
1750579321521,81.4,11.464,buy,293595922
1750579328268,81.4,2.719,sell,293595923
1750579328270,81.4,3.029,sell,293595924
1750579328339,81.4,0.164,buy,293595925
1750579328358,81.39,0.325,sell,293595926
1750579328493,81.38,0.383,sell,293595927
1750579328496,81.38,0.13,sell,293595928
1750579330959,81.39,0.123,buy,293595929
1750579331005,81.39,0.195,sell,293595930
1750579335566,81.39,0.383,buy,293595931
1750579336382,81.38,0.195,sell,293595932
1750579336397,81.38,0.13,sell,293595933
1750579337237,81.38,1.293,buy,293595934
1750579341296,81.38,4.544,buy,293595935
1750579344405,81.37,0.325,sell,293595936
1750579346063,81.37,2.296,buy,293595937
1750579348155,81.37,0.074,buy,293595938
1750579348640,81.37,0.45,buy,293595939
1750579349769,81.37,0.614,buy,293595940
1750579349868,81.36,6.389,sell,293595941
1750579349868,81.35,0.562,sell,293595942
1750579356237,81.36,6.414,sell,293595943
1750579361178,81.37,7.518,sell,293595944
1750579361502,81.37,1.392,sell,293595945
1750579362073,81.38,0.248,buy,293595946
1750579365539,81.38,1.516,buy,293595947
1750579365874,81.37,0.195,sell,293595948
1750579369740,81.37,4.687,buy,293595949
1750579371434,81.37,5.996,buy,293595950
1750579371434,81.38,14.045,buy,293595951
1750579374459,81.37,0.195,sell,293595952
1750579376480,81.36,0.454,sell,293595953
1750579376483,81.36,0.065,sell,293595954
1750579376487,81.36,0.065,sell,293595955
1750579379200,81.37,0.062,buy,293595956
1750579380992,81.36,0.307,sell,293595957
1750579385407,81.38,0.123,buy,293595958
1750579385407,81.39,0.828,buy,293595959
1750579386875,81.39,0.115,buy,293595960
1750579386965,81.39,0.216,buy,293595961
1750579387484,81.4,0.191,buy,293595962
1750579387981,81.4,0.336,sell,293595963
1750579388243,81.41,0.191,buy,293595964
1750579388257,81.42,1.181,buy,293595965
1750579389121,81.42,0.197,sell,293595966
1750579392926,81.43,0.286,buy,293595967
1750579394157,81.44,0.439,buy,293595968
1750579397038,81.45,0.184,buy,293595969
1750579403293,81.45,8.034,buy,293595970
1750579406627,81.45,0.108,sell,293595971
1750579411903,81.46,0.307,buy,293595972
1750579412701,81.45,0.111,sell,293595973
1750579417304,81.45,0.393,sell,293595974
1750579417533,81.45,0.591,sell,293595975
1750579417670,81.45,0.727,buy,293595976
1750579417835,81.45,0.916,buy,293595977
1750579424071,81.45,1.18,buy,293595978
1750579426311,81.44,0.682,sell,293595979
1750579427504,81.44,1.499,sell,293595980
1750579427875,81.45,2.294,buy,293595981
1750579431312,81.44,4.346,sell,293595982
1750579431349,81.43,0.516,sell,293595983
1750579432137,81.42,0.451,sell,293595984
1750579432139,81.42,0.065,sell,293595985
1750579439246,81.42,0.567,buy,293595986
1750579440653,81.43,11.698,buy,293595987
1750579440653,81.44,19.253,buy,293595988
1750579447178,81.44,0.245,buy,293595989
1750579447666,81.43,0.09,sell,293595990
1750579452739,81.43,6.335,sell,293595991
1750579452740,81.43,0.065,sell,293595992
1750579453292,81.43,73.267,buy,293595993
1750579453295,81.43,18.737,buy,293595994
1750579453295,81.44,68.077,buy,293595995
1750579453438,81.43,0.195,sell,293595996
1750579454310,81.43,0.951,buy,293595997
1750579454358,81.43,0.075,buy,293595998
1750579458281,81.42,0.216,sell,293595999
1750579458799,81.43,0.765,buy,293596000
1750579460806,81.42,0.215,sell,293596001
1750579463169,81.43,5.494,buy,293596002
1750579463833,81.44,0.383,buy,293596003
1750579471381,81.45,0.516,buy,293596004
1750579477422,81.45,5,sell,293596005
1750579478100,81.45,3.069,sell,293596006
1750579479431,81.46,0.077,buy,293596007
1750579482315,81.45,1.844,sell,293596008
1750579484412,81.46,0.08,buy,293596009
1750579484492,81.45,0.544,sell,293596010
1750579485007,81.46,0.232,buy,293596011
1750579487411,81.45,0.13,sell,293596012
1750579487625,81.44,0.448,sell,293596013
1750579487842,81.43,4.963,sell,293596014
1750579488735,81.43,0.13,sell,293596015
1750579488881,81.42,0.294,sell,293596016
1750579489640,81.43,2.294,buy,293596017
1750579491704,81.42,0.448,sell,293596018
1750579491704,81.41,1.766,sell,293596019
1750579498701,81.41,0.677,sell,293596020
1750579499887,81.42,0.765,buy,293596021
1750579504055,81.42,0.884,buy,293596022
1750579508942,81.42,0.338,buy,293596023
1750579510113,81.42,0.627,buy,293596024
1750579516208,81.41,1.18,sell,293596025
1750579516222,81.41,1.181,sell,293596026
1750579516263,81.41,1.166,sell,293596027
1750579516774,81.41,9.538,sell,293596028
1750579516780,81.41,7.173,buy,293596029
1750579516823,81.4,0.578,sell,293596030
1750579516823,81.39,0.603,sell,293596031
1750579516908,81.4,0.092,buy,293596032
1750579516959,81.39,0.516,sell,293596033
1750579519866,81.38,1.862,sell,293596034
1750579519922,81.37,1.181,sell,293596035
1750579520980,81.38,1.228,buy,293596036
1750579521912,81.38,0.338,buy,293596037
1750579522295,81.38,0.325,buy,293596038
1750579522501,81.39,0.448,buy,293596039
1750579522700,81.4,0.448,buy,293596040
1750579523286,81.4,0.195,sell,293596041
1750579525943,81.39,0.294,sell,293596042
1750579527508,81.4,1.388,buy,293596043
1750579531370,81.4,0.766,buy,293596044
1750579538689,81.39,1.935,sell,293596045
1750579540512,81.4,0.123,buy,293596046
1750579546645,81.4,0.213,buy,293596047
1750579551424,81.39,5.072,sell,293596048
1750579553426,81.39,0.195,sell,293596049
1750579555036,81.39,0.195,buy,293596050
1750579555944,81.4,0.299,buy,293596051
1750579558203,81.4,2.029,buy,293596052
1750579559706,81.4,0.241,sell,293596053
1750579561683,81.41,4.93,buy,293596054
1750579562856,81.42,0.46,buy,293596055
1750579562864,81.42,0.121,buy,293596056
1750579563001,81.43,0.516,buy,293596057
1750579563400,81.44,0.574,buy,293596058
1750579565289,81.45,0.72,buy,293596059
1750579566877,81.45,1.174,buy,293596060
1750579568684,81.44,0.325,sell,293596061
1750579568689,81.43,11.586,sell,293596062
1750579574334,81.43,0.484,buy,293596063
1750579575500,81.43,0.325,buy,293596064
1750579577218,81.44,0.466,buy,293596065
1750579578793,81.44,2.007,buy,293596066
1750579581769,81.43,0.294,sell,293596067
1750579585139,81.44,0.565,buy,293596068
1750579585850,81.44,0.26,buy,293596069
1750579586104,81.45,0.516,buy,293596070
1750579587655,81.46,0.181,buy,293596071
1750579587655,81.45,0.1,sell,293596072
1750579592115,81.45,18.854,sell,293596073
1750579592115,81.45,14.818,sell,293596074
1750579592116,81.45,0.065,sell,293596075
1750579592244,81.44,2.145,sell,293596076
1750579594423,81.44,0.13,sell,293596077
1750579598305,81.44,0.268,buy,293596078
1750579599355,81.43,0.106,sell,293596079
1750579606067,81.43,1.739,sell,293596080
1750579617888,81.43,0.269,sell,293596081
1750579618411,81.43,11.8,sell,293596082
1750579619440,81.44,0.269,buy,293596083
1750579621319,81.44,1.101,buy,293596084
1750579623261,81.44,0.753,buy,293596085
1750579623784,81.44,1.377,buy,293596086
1750579623836,81.43,0.294,sell,293596087
1750579625270,81.43,6.386,sell,293596088
1750579625274,81.43,0.065,sell,293596089
1750579625277,81.43,1.63,buy,293596090
1750579626528,81.42,2.763,sell,293596091
1750579629746,81.43,0.113,buy,293596092
1750579632295,81.42,0.155,sell,293596093
1750579632695,81.42,0.093,buy,293596094
1750579634297,81.42,25.349,buy,293596095
1750579634297,81.43,1.991,buy,293596096
1750579635292,81.43,1.465,buy,293596097
1750579638512,81.43,0.7,buy,293596098
1750579639629,81.42,4.298,sell,293596099
1750579639632,81.42,0.13,sell,293596100
1750579640453,81.41,0.619,sell,293596101
1750579641627,81.41,0.253,sell,293596102
1750579641668,81.4,5.626,sell,293596103
1750579642300,81.39,0.516,sell,293596104
1750579643055,81.38,0.393,sell,293596105
1750579643055,81.37,0.778,sell,293596106
1750579643057,81.37,0.065,sell,293596107
1750579644139,81.37,3.824,buy,293596108
1750579644694,81.36,0.517,sell,293596109
1750579644701,81.36,0.13,sell,293596110
1750579644792,81.35,11.019,sell,293596111
1750579644792,81.35,4.374,sell,293596112
1750579644801,81.34,15.994,sell,293596113
1750579644803,81.34,0.065,sell,293596114
1750579645282,81.33,0.774,sell,293596115
1750579648843,81.33,0.825,sell,293596116
1750579648850,81.33,0.566,buy,293596117
1750579649071,81.32,0.455,sell,293596118
1750579650946,81.31,0.256,sell,293596119
1750579651029,81.31,0.261,sell,293596120
1750579651038,81.31,5.931,buy,293596121
1750579651818,81.31,2.135,buy,293596122
1750579652193,81.3,1.378,sell,293596123
1750579652193,81.29,8.305,sell,293596124
1750579654348,81.3,21.479,buy,293596125
1750579654348,81.31,8.422,buy,293596126
1750579654402,81.3,0.195,sell,293596127
1750579656410,81.3,0.26,buy,293596128
1750579656490,81.31,0.219,buy,293596129
1750579659575,81.31,0.135,buy,293596130
1750579664273,81.3,0.325,sell,293596131
1750579664273,81.29,1.391,sell,293596132
1750579664551,81.3,0.268,buy,293596133
1750579666111,81.29,9.671,sell,293596134
1750579666158,81.29,2.319,sell,293596135
1750579666164,81.29,5.247,buy,293596136
1750579666330,81.29,2.083,buy,293596137
1750579671403,81.28,0.207,sell,293596138
1750579671404,81.28,0.186,sell,293596139
1750579671695,81.28,1.827,buy,293596140
1750579672890,81.28,0.859,buy,293596141
1750579676048,81.28,0.359,buy,293596142
1750579678606,81.28,3.045,buy,293596143
1750579678898,81.27,1.102,sell,293596144
1750579679127,81.27,0.067,sell,293596145
1750579688647,81.28,10.722,buy,293596146
1750579688647,81.28,0.065,buy,293596147
1750579688740,81.29,5.814,buy,293596148
1750579689392,81.3,6.56,buy,293596149
1750579689394,81.3,5.27,buy,293596150
1750579689395,81.3,0.124,buy,293596151
1750579689768,81.31,0.519,buy,293596152
1750579690179,81.31,1.1,sell,293596153
1750579693584,81.31,6.147,sell,293596154
1750579695742,81.31,0.189,buy,293596155
1750579698017,81.3,6.152,sell,293596156
1750579702316,81.3,0.433,buy,293596157
1750579706331,81.29,0.392,sell,293596158
1750579706732,81.29,8.304,sell,293596159
1750579707755,81.29,0.093,buy,293596160
1750579708531,81.29,0.195,buy,293596161
1750579715696,81.3,0.131,buy,293596162
1750579716790,81.29,1.555,sell,293596163
1750579716794,81.29,1.036,buy,293596164
1750579716946,81.28,0.192,sell,293596165
1750579720436,81.27,0.114,sell,293596166
1750579721107,81.27,3.723,sell,293596167
1750579723103,81.26,11.243,sell,293596168
1750579723108,81.26,0.518,buy,293596169
1750579723453,81.26,0.123,buy,293596170
1750579725872,81.26,9.693,buy,293596171
1750579725872,81.27,1.798,buy,293596172
1750579726546,81.27,0.537,buy,293596173
1750579731893,81.27,1.688,buy,293596174
1750579732969,81.27,0.442,buy,293596175
1750579733176,81.27,0.535,buy,293596176
1750579741401,81.27,6.669,sell,293596177
1750579741460,81.26,0.124,sell,293596178
1750579741997,81.26,0.092,buy,293596179
1750579742270,81.26,0.205,buy,293596180
1750579745600,81.25,0.192,sell,293596181
1750579746002,81.24,0.192,sell,293596182
1750579746265,81.24,0.184,buy,293596183
1750579747141,81.23,0.192,sell,293596184
1750579747145,81.22,0.192,sell,293596185
1750579750200,81.21,0.068,sell,293596186
1750579756908,81.2,0.124,sell,293596187
1750579757803,81.2,2.493,sell,293596188
1750579757807,81.19,0.523,sell,293596189
1750579757808,81.19,0.523,sell,293596190
1750579758506,81.18,0.192,sell,293596191
1750579763220,81.18,1.181,buy,293596192
1750579763904,81.18,11.699,buy,293596193
1750579764115,81.19,1.181,buy,293596194
1750579766623,81.19,2.646,buy,293596195
1750579766743,81.19,0.195,buy,293596196
1750579772694,81.2,4.64,buy,293596197
1750579775051,81.21,3.471,buy,293596198
1750579776318,81.21,0.61,sell,293596199
1750579776761,81.22,0.204,buy,293596200
1750579776859,81.22,0.35,buy,293596201
1750579776988,81.22,0.443,buy,293596202
1750579783706,81.22,0.37,buy,293596203
1750579784428,81.22,1.308,buy,293596204
1750579791025,81.21,0.124,sell,293596205
1750579794239,81.21,0.165,buy,293596206
1750579797570,81.21,0.384,buy,293596207
1750579798646,81.2,3.079,sell,293596208
1750579799439,81.2,3.079,sell,293596209
1750579799693,81.2,3.079,sell,293596210
1750579800064,81.2,2.079,sell,293596211
1750579800129,81.21,0.38,buy,293596212
1750579800336,81.2,3.079,sell,293596213
1750579800592,81.2,2.425,sell,293596214
1750579801087,81.2,3.079,sell,293596215
1750579801381,81.2,5.996,sell,293596216
1750579801535,81.19,3.08,sell,293596217
1750579801847,81.19,3.08,sell,293596218
1750579802139,81.18,3.08,sell,293596219
1750579802243,81.18,0.192,sell,293596220
1750579802281,81.18,0.092,buy,293596221
1750579802500,81.18,1.354,buy,293596222
1750579803804,81.18,1.181,buy,293596223
1750579803808,81.18,5.065,buy,293596224
1750579803956,81.18,3.08,sell,293596225
1750579803974,81.19,2.039,buy,293596226
1750579803974,81.2,1.504,buy,293596227
1750579805136,81.19,3.08,sell,293596228
1750579805440,81.19,3.08,sell,293596229
1750579805832,81.19,2.078,sell,293596230
1750579807075,81.18,3.08,sell,293596231
1750579807340,81.18,3.08,sell,293596232
1750579807412,81.19,0.538,buy,293596233
1750579807622,81.18,3.08,sell,293596234
1750579807875,81.18,2.214,sell,293596235
1750579808148,81.18,3.08,sell,293596236
1750579808556,81.18,3.08,sell,293596237
1750579808959,81.18,3.08,sell,293596238
1750579809441,81.18,3.08,sell,293596239
1750579809685,81.18,1.669,sell,293596240
1750579809799,81.19,1.181,buy,293596241
1750579809821,81.19,1.181,buy,293596242
1750579809895,81.19,0.933,buy,293596243
1750579810008,81.19,1.552,buy,293596244
1750579810100,81.2,0.525,buy,293596245
1750579810115,81.21,1.429,buy,293596246
1750579810241,81.2,3.079,sell,293596247
1750579810530,81.2,3.079,sell,293596248
1750579810832,81.2,3.079,sell,293596249
1750579811299,81.2,3.079,sell,293596250
1750579811734,81.2,3.079,sell,293596251
1750579812049,81.2,3.079,sell,293596252
1750579812429,81.2,3.079,sell,293596253
1750579813312,81.2,3.079,sell,293596254
1750579813577,81.2,3.079,sell,293596255
1750579813840,81.2,3.079,sell,293596256
1750579814078,81.2,3.079,sell,293596257
1750579814460,81.2,0.699,sell,293596258
1750579816042,81.2,3.079,sell,293596259
1750579816769,81.2,3.079,sell,293596260
1750579817135,81.2,3.079,sell,293596261
1750579817432,81.2,3.079,sell,293596262
1750579819189,81.2,3.078,sell,293596263
1750579824242,81.21,0.843,buy,293596264
1750579824542,81.21,0.173,buy,293596265
1750579825914,81.21,3.931,buy,293596266
1750579826782,81.22,1.181,buy,293596267
1750579827743,81.22,0.385,buy,293596268
1750579827839,81.22,3.079,sell,293596269
1750579829800,81.23,0.517,buy,293596270
1750579830049,81.23,3.078,sell,293596271
1750579830332,81.23,3.078,sell,293596272
1750579830735,81.23,0.111,sell,293596273
1750579830743,81.23,3.078,sell,293596274
1750579831038,81.23,3.078,sell,293596275
1750579831272,81.23,3.078,sell,293596276
1750579831631,81.23,2.326,sell,293596277
1750579832034,81.23,3.078,sell,293596278
1750579832331,81.23,3.078,sell,293596279
1750579832743,81.23,3.078,sell,293596280
1750579833403,81.23,6.283,sell,293596281
1750579835986,81.22,0.064,sell,293596282
1750579839356,81.23,0.552,buy,293596283
1750579842232,81.23,0.644,buy,293596284
1750579843232,81.23,1.181,buy,293596285
1750579843303,81.23,9.085,buy,293596286
1750579843306,81.24,9.948,buy,293596287
1750579843445,81.24,3.078,sell,293596288
1750579846896,81.24,2.201,sell,293596289
1750579847538,81.24,1.483,sell,293596290
1750579848537,81.24,0.969,sell,293596291
1750579848840,81.24,0.633,sell,293596292
1750579849293,81.24,3.078,sell,293596293
1750579849940,81.24,2.858,sell,293596294
1750579850434,81.24,3.078,sell,293596295
1750579850929,81.24,2.933,sell,293596296
1750579851540,81.24,1.961,sell,293596297
1750579852341,81.24,1.281,sell,293596298
1750579852619,81.24,2.396,sell,293596299
1750579853243,81.24,3.078,sell,293596300
1750579853816,81.24,3.078,sell,293596301
1750579854702,81.24,3.078,sell,293596302
1750579854880,81.24,0.621,sell,293596303
1750579855140,81.24,3.078,sell,293596304
1750579856096,81.24,2.178,sell,293596305
1750579856367,81.24,0.187,sell,293596306
1750579856540,81.24,1.381,sell,293596307
1750579857462,81.24,2.601,sell,293596308
1750579857489,81.23,0.542,sell,293596309
1750579857489,81.22,0.36,sell,293596310
1750579857917,81.22,0.127,sell,293596311
1750579858442,81.22,1.692,sell,293596312
1750579859161,81.22,1.382,sell,293596313
1750579862821,81.23,1.409,buy,293596314
1750579863802,81.22,4.67,sell,293596315
1750579864217,81.22,0.352,sell,293596316
1750579864274,81.21,0.307,sell,293596317
1750579865146,81.21,3.079,sell,293596318
1750579865434,81.21,3.079,sell,293596319
1750579865693,81.22,0.185,buy,293596320
1750579865834,81.21,3.079,sell,293596321
1750579866115,81.21,3.079,sell,293596322
1750579866555,81.21,3.079,sell,293596323
1750579868399,81.21,0.621,sell,293596324
1750579868540,81.21,3.079,sell,293596325
1750579869272,81.21,3.079,sell,293596326
1750579869649,81.21,3.532,sell,293596327
1750579869699,81.21,3.079,sell,293596328
1750579870130,81.21,3.434,sell,293596329
1750579870134,81.21,3.079,sell,293596330
1750579870437,81.21,2.236,sell,293596331
1750579870530,81.21,3.079,sell,293596332
1750579870717,81.21,1.855,sell,293596333
1750579871070,81.21,2.141,sell,293596334
1750579871179,81.21,3.098,sell,293596335
1750579871327,81.21,1.545,sell,293596336
1750579871544,81.21,1.855,sell,293596337
1750579871740,81.21,2.109,sell,293596338
1750579871808,81.21,1.422,sell,293596339
1750579872027,81.21,3.079,sell,293596340
1750579872391,81.21,4.592,sell,293596341
1750579872510,81.21,3.079,sell,293596342
1750579873367,81.21,3.653,sell,293596343
1750579873443,81.21,3.079,sell,293596344
1750579873479,81.21,0.13,sell,293596345
1750579874592,81.21,0.123,buy,293596346
1750579880286,81.21,1.247,buy,293596347
1750579884921,81.21,5.917,buy,293596348
1750579884929,81.22,4,buy,293596349
1750579884929,81.22,4.551,buy,293596350
1750579885021,81.23,1.733,buy,293596351
1750579885045,81.23,0.946,buy,293596352
1750579885133,81.23,6.156,sell,293596353
1750579885141,81.23,3.078,sell,293596354
1750579885183,81.24,1.32,buy,293596355
1750579885439,81.23,5.121,sell,293596356
1750579885440,81.23,3.078,sell,293596357
1750579885874,81.23,3.206,sell,293596358
1750579885882,81.23,3.078,sell,293596359
1750579894017,81.23,0.163,sell,293596360
1750579895811,81.24,0.616,buy,293596361
1750579897918,81.24,3.834,buy,293596362
1750579897965,81.25,2.065,buy,293596363
1750579898033,81.26,1.181,buy,293596364
1750579900778,81.26,1.181,buy,293596365
1750579900783,81.26,2.525,buy,293596366
1750579900827,81.27,1.181,buy,293596367
1750579900960,81.26,0.154,sell,293596368
1750579901341,81.27,0.171,buy,293596369
1750579903156,81.26,3.077,sell,293596370
1750579903165,81.26,2.729,sell,293596371
1750579903430,81.26,1.388,sell,293596372
1750579903441,81.26,2.059,sell,293596373
1750579903729,81.26,0.711,sell,293596374
1750579903759,81.25,0.176,sell,293596375
1750579903759,81.25,0.598,sell,293596376
1750579904419,81.25,0.598,sell,293596377
1750579904420,81.25,0.887,sell,293596378
1750579904658,81.25,0.251,sell,293596379
1750579904670,81.25,0.372,sell,293596380
1750579904882,81.25,1.543,sell,293596381
1750579904932,81.25,1.799,sell,293596382
1750579905240,81.25,1.176,sell,293596383
1750579905262,81.25,0.792,sell,293596384
1750579905494,81.25,0.333,sell,293596385
1750579905498,81.25,0.493,sell,293596386
1750579906329,81.25,0.642,sell,293596387
1750579906338,81.25,0.433,sell,293596388
1750579906599,81.26,0.945,buy,293596389
1750579906634,81.25,2.563,sell,293596390
1750579906643,81.25,3.077,sell,293596391
1750579906882,81.25,3.236,sell,293596392
1750579906886,81.25,3.077,sell,293596393
1750579907221,81.25,0.13,sell,293596394
1750579914294,81.25,0.37,buy,293596395
1750579916464,81.25,4.949,buy,293596396
1750579916539,81.25,6.154,sell,293596397
1750579916541,81.26,4,buy,293596398
1750579916543,81.25,3.077,sell,293596399
1750579917502,81.26,11.849,buy,293596400
1750579917502,81.26,4.321,buy,293596401
1750579917503,81.27,4,buy,293596402
1750579919124,81.27,0.773,buy,293596403
1750579919160,81.26,3.076,sell,293596404
1750579920580,81.26,0.401,sell,293596405
1750579923241,81.27,0.228,buy,293596406
1750579924217,81.27,4.269,buy,293596407
1750579924235,81.28,11.457,buy,293596408
1750579924235,81.28,6.19,buy,293596409
1750579924340,81.28,6.152,sell,293596410
1750579924342,81.28,3.076,sell,293596411
1750579928792,81.28,7.149,sell,293596412
1750579930511,81.27,0.541,sell,293596413
1750579930585,81.26,2.297,sell,293596414
1750579930656,81.26,1.548,sell,293596415
1750579932804,81.27,0.131,buy,293596416
1750579935719,81.27,0.718,buy,293596417
1750579940294,81.27,34.509,buy,293596418
1750579940296,81.27,11.775,buy,293596419
1750579940296,81.28,27.51,buy,293596420
1750579940299,81.28,9.726,buy,293596421
1750579940299,81.29,16.468,buy,293596422
1750579940440,81.28,2.648,sell,293596423
1750579940440,81.28,3.076,sell,293596424
1750579940699,81.28,0.341,sell,293596425
1750579941037,81.28,2.987,sell,293596426
1750579941041,81.28,3.076,sell,293596427
1750579941044,81.28,6.723,sell,293596428
1750579941046,81.28,0.195,sell,293596429
1750579941293,81.28,26.19,buy,293596430
1750579941296,81.28,23.968,buy,293596431
1750579941296,81.29,17.695,buy,293596432
1750579941296,81.3,23.812,buy,293596433
1750579941299,81.3,39.285,buy,293596434
1750579941338,81.29,0.691,sell,293596435
1750579941338,81.28,0.805,sell,293596436
1750579941340,81.28,2.219,sell,293596437
1750579941629,81.28,2.78,sell,293596438
1750579941629,81.28,3.076,sell,293596439
1750579941852,81.28,1.565,sell,293596440
1750579941930,81.28,1.78,sell,293596441
1750579942119,81.28,2.55,sell,293596442
1750579942231,81.28,2.4,sell,293596443
1750579942432,81.28,1.951,sell,293596444
1750579942475,81.28,2.896,sell,293596445
1750579942713,81.28,1.208,sell,293596446
1750579942714,81.28,0.814,sell,293596447
1750579943110,81.28,2.08,sell,293596448
1750579943212,81.27,0.449,sell,293596449
1750579943212,81.26,0.25,sell,293596450
1750579943225,81.26,0.471,sell,293596451
1750579943293,81.27,2.22,buy,293596452
1750579944113,81.26,0.389,sell,293596453
1750579944138,81.25,1.692,sell,293596454
1750579944139,81.25,0.751,sell,293596455
1750579944295,81.26,3.33,buy,293596456
1750579945294,81.26,0.37,buy,293596457
1750579952295,81.26,0.37,buy,293596458
1750579953142,81.26,0.123,buy,293596459
1750579954295,81.26,1.85,buy,293596460
1750579954299,81.26,0.615,buy,293596461
1750579954609,81.26,0.594,buy,293596462
1750579954923,81.26,0.615,buy,293596463
1750579955295,81.26,1.85,buy,293596464
1750579956294,81.26,1.48,buy,293596465
1750579959808,81.25,0.35,sell,293596466
1750579960955,81.26,0.135,buy,293596467
1750579961203,81.26,4.529,buy,293596468
1750579961319,81.27,1.181,buy,293596469
1750579961402,81.27,1.457,buy,293596470
1750579961673,81.27,26.019,sell,293596471
1750579961674,81.27,33.633,sell,293596472
1750579961674,81.26,72.109,sell,293596473
1750579961676,81.25,5.996,sell,293596474
1750579961678,81.25,10.435,sell,293596475
1750579961741,81.24,3.078,sell,293596476
1750579961752,81.24,3.624,sell,293596477
1750579961779,81.23,2.223,sell,293596478
1750579962645,81.24,0.537,buy,293596479
1750579963811,81.24,4.339,buy,293596480
1750579964934,81.24,0.137,buy,293596481
1750579965208,81.23,6.156,sell,293596482
1750579965209,81.23,3.078,sell,293596483
1750579965434,81.23,5.31,sell,293596484
1750579965537,81.23,3.078,sell,293596485
1750579965738,81.23,3.35,sell,293596486
1750579965843,81.23,3.078,sell,293596487
1750579965994,81.23,1.849,sell,293596488
1750579966253,81.23,2.102,sell,293596489
1750579966254,81.23,1.417,sell,293596490
1750579966508,81.23,0.882,sell,293596491
1750579966516,81.23,0.595,sell,293596492
1750579966733,81.23,0.37,sell,293596493
1750579966773,81.23,0.25,sell,293596494
1750579968523,81.23,0.447,sell,293596495
1750579968632,81.22,1.59,sell,293596496
1750579968644,81.22,2.359,sell,293596497
1750579968935,81.22,0.698,sell,293596498
1750579968941,81.22,1.035,sell,293596499
1750579969433,81.22,0.434,sell,293596500
1750579969447,81.22,0.293,sell,293596501
1750579969587,81.23,0.451,buy,293596502
1750579969703,81.22,4.167,sell,293596503
1750579969705,81.22,3.079,sell,293596504
1750579969939,81.22,1.431,sell,293596505
1750579969940,81.22,2.124,sell,293596506
1750579970231,81.22,0.601,sell,293596507
1750579970231,81.22,0.892,sell,293596508
1750579970584,81.22,3.079,sell,293596509
1750579970591,81.22,4.075,sell,293596510
1750579973510,81.23,0.343,buy,293596511
1750579973522,81.23,0.8,buy,293596512
1750579975920,81.23,1.181,buy,293596513
1750579975930,81.23,1.181,buy,293596514
1750579975941,81.23,0.919,buy,293596515
1750579985312,81.23,1.644,buy,293596516
1750579989884,81.23,7.989,buy,293596517
1750579989951,81.23,3.078,sell,293596518
1750579989976,81.23,6.156,sell,293596519
1750579990876,81.23,0.103,sell,293596520
1750579994917,81.24,12.587,buy,293596521
1750579994917,81.24,0.251,buy,293596522
1750580001819,81.25,0.123,buy,293596523
1750580002443,81.25,2.62,buy,293596524
1750580003545,81.26,0.704,buy,293596525
1750580005875,81.26,15.243,buy,293596526
1750580005875,81.26,10.379,buy,293596527
1750580006837,81.27,1.181,buy,293596528
1750580007432,81.27,1.493,buy,293596529
1750580011063,81.28,1.181,buy,293596530
1750580011087,81.28,0.948,buy,293596531
1750580011115,81.29,1.414,buy,293596532
1750580013814,81.28,0.074,sell,293596533
1750580013916,81.28,1.894,sell,293596534
1750580015796,81.29,0.132,buy,293596535
1750580017812,81.29,0.685,buy,293596536
1750580018877,81.28,0.822,sell,293596537
1750580019048,81.29,0.246,buy,293596538
1750580019087,81.29,0.76,buy,293596539
1750580019404,81.29,2.379,buy,293596540
1750580019600,81.3,0.619,buy,293596541
1750580019614,81.31,1.181,buy,293596542
1750580020401,81.31,14.54,buy,293596543
1750580022724,81.32,1.229,buy,293596544
1750580022843,81.31,2.209,sell,293596545
1750580023683,81.31,24,sell,293596546
1750580024505,81.32,0.705,buy,293596547
1750580029666,81.32,0.841,buy,293596548
1750580030352,81.32,3.527,buy,293596549
1750580030354,81.32,0.009,buy,293596550
1750580030358,81.32,0.546,sell,293596551
1750580031108,81.33,0.978,buy,293596552
1750580031643,81.33,0.092,buy,293596553
1750580031776,81.33,1.181,buy,293596554
1750580031776,81.32,0.204,sell,293596555
1750580036293,81.33,0.991,buy,293596556
1750580036293,81.34,35.927,buy,293596557
1750580036293,81.35,0.992,buy,293596558
1750580036339,81.34,3.074,sell,293596559
1750580036342,81.34,6.148,sell,293596560
1750580036638,81.34,1.486,sell,293596561
1750580036644,81.34,2.205,sell,293596562
1750580036873,81.34,0.926,sell,293596563
1750580036875,81.34,0.624,sell,293596564
1750580037133,81.34,2.835,sell,293596565
1750580037142,81.34,3.074,sell,293596566
1750580037394,81.34,1.485,sell,293596567
1750580037397,81.34,2.203,sell,293596568
1750580037931,81.34,1.466,sell,293596569
1750580037939,81.34,2.176,sell,293596570
1750580037979,81.34,0.13,sell,293596571
1750580039293,81.34,0.37,buy,293596572
1750580040295,81.34,2.59,buy,293596573
1750580040502,81.34,2.318,buy,293596574
1750580040799,81.35,1.181,buy,293596575
1750580040821,81.35,0.708,buy,293596576
1750580041293,81.36,1.11,buy,293596577
1750580041432,81.36,0.45,buy,293596578
1750580041433,81.36,0.105,buy,293596579
1750580042149,81.37,1.654,buy,293596580
1750580042170,81.37,0.53,buy,293596581
1750580042315,81.38,1.181,buy,293596582
1750580042610,81.38,0.98,buy,293596583
1750580043041,81.38,1.181,buy,293596584
1750580044637,81.37,9.872,sell,293596585
1750580046293,81.38,7.419,buy,293596586
1750580046293,81.39,19.787,buy,293596587
1750580046293,81.4,22.065,buy,293596588
1750580046338,81.39,2.824,sell,293596589
1750580046341,81.39,1.903,sell,293596590
1750580046741,81.39,3.072,sell,293596591
1750580046742,81.39,2.78,sell,293596592
1750580046743,81.39,0.065,sell,293596593
1750580047293,81.39,7.092,buy,293596594
1750580048293,81.39,1.48,buy,293596595
1750580049294,81.39,0.74,buy,293596596
1750580050065,81.38,6.616,sell,293596597
1750580050069,81.37,43.85,sell,293596598
1750580050069,81.37,0.626,sell,293596599
1750580050069,81.36,18.218,sell,293596600
1750580050070,81.36,8.812,sell,293596601
1750580050071,81.36,10.976,sell,293596602
1750580050075,81.36,12.141,sell,293596603
1750580050083,81.36,5.238,sell,293596604
1750580050084,81.36,13.596,sell,293596605
1750580050087,81.35,16.875,sell,293596606
1750580050089,81.35,12.312,sell,293596607
1750580050092,81.35,14.805,sell,293596608
1750580050102,81.35,0.13,sell,293596609
1750580050113,81.34,4.854,sell,293596610
1750580051121,81.33,0.923,sell,293596611
1750580051125,81.33,1.37,sell,293596612
1750580051293,81.34,1.85,buy,293596613
1750580051613,81.34,0.615,buy,293596614
1750580051614,81.33,2.234,sell,293596615
1750580051616,81.33,2.234,sell,293596616
1750580051694,81.33,5.269,sell,293596617
1750580051737,81.33,0.195,sell,293596618
1750580051774,81.32,0.615,sell,293596619
1750580052293,81.33,2.22,buy,293596620
1750580055658,81.33,1.199,buy,293596621
1750580057715,81.32,0.328,sell,293596622
1750580057765,81.31,4.036,sell,293596623
1750580057769,81.31,3.075,sell,293596624
1750580057809,81.31,0.195,sell,293596625
1750580058998,81.3,0.613,sell,293596626
1750580059075,81.3,3.076,sell,293596627
1750580059101,81.3,6.095,sell,293596628
1750580060294,81.31,1.11,buy,293596629
1750580061294,81.31,1.11,buy,293596630
1750580068313,81.31,5.372,buy,293596631
1750580068313,81.31,17.166,buy,293596632
1750580068328,81.32,1.725,buy,293596633
1750580069146,81.32,0.315,sell,293596634
1750580073523,81.33,1.756,buy,293596635
1750580074092,81.34,1.181,buy,293596636
1750580074478,81.33,2.098,sell,293596637
1750580076354,81.34,0.153,buy,293596638
1750580077035,81.34,1.181,buy,293596639
1750580077038,81.34,1.364,buy,293596640
1750580077254,81.35,1.181,buy,293596641
1750580078097,81.35,1.181,buy,293596642
1750580078219,81.35,1.44,buy,293596643
1750580078376,81.36,1.181,buy,293596644
1750580078401,81.36,0.09,buy,293596645
1750580078741,81.36,0.714,sell,293596646
1750580079703,81.37,1.645,buy,293596647
1750580085209,81.37,6.191,buy,293596648
1750580085209,81.38,3.647,buy,293596649
1750580085440,81.37,1.441,sell,293596650
1750580085443,81.37,2.138,sell,293596651
1750580085831,81.37,1.232,sell,293596652
1750580085842,81.37,1.828,sell,293596653
1750580086068,81.37,0.517,sell,293596654
1750580086070,81.37,0.767,sell,293596655
1750580087132,81.38,1.181,buy,293596656
1750580087143,81.38,2.23,buy,293596657
1750580087154,81.38,0.195,buy,293596658
1750580087577,81.39,0.448,buy,293596659
1750580087646,81.39,0.932,sell,293596660
1750580087649,81.39,0.628,sell,293596661
1750580091892,81.4,0.254,buy,293596662
1750580093255,81.39,10.44,sell,293596663
1750580093358,81.38,3.072,sell,293596664
1750580093364,81.38,4.017,sell,293596665
1750580093740,81.38,1.968,sell,293596666
1750580093801,81.38,0.13,sell,293596667
1750580093861,81.37,2.237,sell,293596668
1750580096414,81.37,6.59,sell,293596669
1750580096414,81.36,5.462,sell,293596670
1750580096550,81.36,2.262,sell,293596671
1750580096554,81.36,1.525,sell,293596672
1750580096783,81.37,4.03,buy,293596673
1750580097008,81.37,3.17,buy,293596674
1750580097234,81.37,3.214,buy,293596675
1750580097234,81.37,2.943,buy,293596676
1750580097460,81.37,2.299,buy,293596677
1750580097460,81.37,2.606,buy,293596678
1750580097686,81.37,3.949,buy,293596679
1750580097686,81.37,0.594,buy,293596680
1750580097686,81.38,2.506,buy,293596681
1750580097739,81.37,4.225,sell,293596682
1750580097740,81.37,3.073,sell,293596683
1750580097912,81.38,4.632,buy,293596684
1750580097912,81.38,5.711,buy,293596685
1750580098035,81.37,6.145,sell,293596686
1750580098048,81.37,3.073,sell,293596687
1750580098431,81.37,5.355,sell,293596688
1750580098431,81.37,3.073,sell,293596689
1750580098697,81.37,3.386,sell,293596690
1750580098709,81.37,3.073,sell,293596691
1750580098937,81.37,0.744,sell,293596692
1750580098946,81.37,1.104,sell,293596693
1750580099540,81.37,4.23,sell,293596694
1750580099544,81.37,3.073,sell,293596695
1750580100325,81.37,3.073,sell,293596696
1750580100326,81.37,2.539,sell,293596697
1750580100524,81.37,0.195,sell,293596698
1750580100873,81.37,3.949,buy,293596699
1750580101228,81.36,3.073,sell,293596700
1750580101233,81.36,3.583,sell,293596701
1750580101269,81.35,1.905,sell,293596702
1750580103034,81.35,0.738,sell,293596703
1750580104193,81.36,0.26,buy,293596704
1750580104241,81.36,3.073,sell,293596705
1750580104244,81.36,6.146,sell,293596706
1750580104600,81.37,0.448,buy,293596707
1750580105398,81.37,0.26,sell,293596708
1750580105691,81.36,6.201,sell,293596709
1750580107860,81.36,3.073,sell,293596710
1750580107862,81.36,2.882,sell,293596711
1750580108242,81.36,1.431,sell,293596712
1750580108250,81.36,0.195,sell,293596713
1750580108276,81.35,1.929,sell,293596714
1750580109543,81.36,0.934,sell,293596715
1750580109603,81.36,0.63,sell,293596716
1750580109932,81.36,2.866,sell,293596717
1750580109971,81.36,3.073,sell,293596718
1750580110250,81.36,2.175,sell,293596719
1750580110269,81.36,1.466,sell,293596720
1750580110555,81.36,3.073,sell,293596721
1750580110676,81.36,3.239,sell,293596722
1750580112705,81.36,6.273,sell,293596723
1750580112706,81.36,0.065,sell,293596724
1750580112706,81.35,18.316,sell,293596725
1750580112709,81.35,0.133,sell,293596726
1750580113114,81.35,4.052,buy,293596727
1750580113339,81.35,3.091,buy,293596728
1750580113565,81.35,2.671,buy,293596729
1750580113565,81.35,0.234,buy,293596730
1750580113565,81.36,2.617,buy,293596731
1750580113791,81.36,3.3,buy,293596732
1750580113791,81.36,4.389,buy,293596733
1750580114904,81.36,0.266,buy,293596734
1750580116595,81.36,0.253,buy,293596735
1750580117206,81.36,0.766,buy,293596736
1750580117340,81.35,0.1,sell,293596737
1750580118219,81.35,12.229,sell,293596738
1750580118221,81.35,0.065,sell,293596739
1750580119216,81.34,0.138,sell,293596740
1750580119768,81.35,0.347,buy,293596741
1750580120002,81.34,0.517,sell,293596742
1750580120033,81.33,0.99,sell,293596743
1750580120062,81.33,2.236,sell,293596744
1750580121105,81.33,0.498,sell,293596745
1750580121105,81.33,0.336,sell,293596746
1750580121369,81.33,0.263,sell,293596747
1750580122606,81.33,0.983,buy,293596748
1750580124234,81.33,3.074,sell,293596749
1750580124242,81.33,3.385,sell,293596750
1750580124852,81.34,0.124,buy,293596751
1750580124932,81.34,1.269,sell,293596752
1750580124943,81.34,0.855,sell,293596753
1750580127419,81.35,0.383,buy,293596754
1750580128736,81.34,0.074,sell,293596755
1750580129486,81.34,1.479,sell,293596756
1750580129490,81.34,2.195,sell,293596757
1750580129561,81.35,0.372,buy,293596758
1750580129647,81.34,0.13,sell,293596759
1750580130141,81.33,4.899,sell,293596760
1750580130289,81.33,0.384,sell,293596761
1750580130311,81.32,1.88,sell,293596762
1750580130320,81.32,1.526,sell,293596763
1750580131550,81.32,0.096,sell,293596764
1750580132103,81.33,0.244,buy,293596765
1750580132785,81.32,6.149,sell,293596766
1750580132786,81.32,3.075,sell,293596767
1750580133196,81.32,1.631,sell,293596768
1750580133198,81.32,5.414,sell,293596769
1750580133229,81.31,2.42,sell,293596770
1750580133935,81.31,0.652,sell,293596771
1750580134008,81.3,0.438,sell,293596772
1750580134016,81.3,0.206,sell,293596773
1750580134045,81.29,0.089,sell,293596774
1750580134622,81.29,0.749,sell,293596775
1750580134641,81.28,1.485,sell,293596776
1750580134652,81.28,1.506,sell,293596777
1750580136356,81.28,6.152,sell,293596778
1750580136362,81.28,3.076,sell,293596779
1750580136466,81.28,0.13,sell,293596780
1750580136683,81.27,6.153,sell,293596781
1750580136696,81.27,3.077,sell,293596782
1750580137703,81.27,0.325,sell,293596783
1750580137918,81.26,0.579,sell,293596784
1750580137934,81.26,0.351,buy,293596785
1750580138025,81.25,3.077,sell,293596786
1750580138043,81.25,6.154,sell,293596787
1750580138332,81.25,3.077,sell,293596788
1750580138343,81.25,6.154,sell,293596789
1750580138593,81.25,3.077,sell,293596790
1750580138639,81.25,4.666,sell,293596791
1750580138934,81.25,3.576,sell,293596792
1750580138981,81.26,1.353,buy,293596793
1750580139032,81.25,3.077,sell,293596794
1750580139241,81.25,2.037,sell,293596795
1750580139442,81.25,2.201,sell,293596796
1750580139536,81.25,0.13,sell,293596797
1750580140435,81.24,5.047,sell,293596798
1750580140443,81.24,3.078,sell,293596799
1750580140962,81.24,3.179,sell,293596800
1750580140963,81.24,3.078,sell,293596801
1750580142783,81.24,0.13,sell,293596802
1750580143433,81.23,0.945,sell,293596803
1750580143441,81.23,1.402,sell,293596804
1750580143662,81.23,0.412,sell,293596805
1750580143731,81.23,3.078,sell,293596806
1750580143917,81.23,5.093,sell,293596807
1750580143949,81.24,0.086,buy,293596808
1750580144142,81.23,2.178,sell,293596809
1750580144169,81.23,1.468,sell,293596810
1750580144389,81.23,0.937,sell,293596811
1750580144434,81.23,0.413,sell,293596812
1750580144517,81.23,0.13,sell,293596813
1750580144728,81.22,6.157,sell,293596814
1750580144737,81.22,3.079,sell,293596815
1750580145031,81.22,3.797,sell,293596816
1750580145031,81.22,3.079,sell,293596817
1750580145223,81.22,1.038,sell,293596818
1750580145223,81.22,3.468,sell,293596819
1750580145223,81.22,5,sell,293596820
1750580145282,81.21,0.449,sell,293596821
1750580145293,81.21,1.11,buy,293596822
1750580145320,81.2,2.63,sell,293596823
1750580145323,81.2,4.647,sell,293596824
1750580145399,81.21,22.646,buy,293596825
1750580145399,81.22,21.709,buy,293596826
1750580145635,81.21,3.079,sell,293596827
1750580145650,81.21,4.097,sell,293596828
1750580146034,81.21,3.079,sell,293596829
1750580146042,81.21,2.42,sell,293596830
1750580146321,81.21,1.166,sell,293596831
1750580146327,81.21,1.73,sell,293596832
1750580146438,81.21,0.195,sell,293596833
1750580147819,81.2,3.079,sell,293596834
1750580147826,81.2,0.195,sell,293596835
1750580147854,81.19,3.435,sell,293596836
1750580148452,81.2,3.079,sell,293596837
1750580148458,81.2,6.158,sell,293596838
1750580148822,81.21,6.616,buy,293596839
1750580148822,81.22,5.758,buy,293596840
1750580149039,81.21,6.157,sell,293596841
1750580149039,81.21,3.079,sell,293596842
1750580149318,81.22,0.198,buy,293596843
1750580149614,81.23,0.124,buy,293596844
1750580149649,81.24,0.217,buy,293596845
1750580149754,81.24,6.155,sell,293596846
1750580149757,81.24,3.078,sell,293596847
1750580149778,81.25,0.124,buy,293596848
1750580150266,81.25,0.246,sell,293596849
1750580153702,81.26,0.068,buy,293596850
1750580156673,81.27,0.124,buy,293596851
1750580156736,81.27,3.077,sell,293596852
1750580156744,81.27,6.153,sell,293596853
1750580159240,81.27,2.883,sell,293596854
1750580159242,81.27,3.077,sell,293596855
1750580159541,81.27,1.431,sell,293596856
1750580159544,81.27,2.124,sell,293596857
1750580160043,81.28,3.46,buy,293596858
1750580160048,81.27,0.937,sell,293596859
1750580160049,81.27,0.631,sell,293596860
1750580160437,81.27,2.294,sell,293596861
1750580160489,81.27,1.546,sell,293596862
1750580160740,81.27,3.077,sell,293596863
1750580160810,81.27,3.584,sell,293596864
1750580161045,81.27,3.054,sell,293596865
1750580161112,81.27,2.058,sell,293596866
1750580161408,81.27,2.62,sell,293596867
1750580161458,81.27,3.077,sell,293596868
1750580161731,81.27,3.14,sell,293596869
1750580161747,81.27,3.077,sell,293596870
1750580162198,81.27,3.077,sell,293596871
1750580162199,81.27,3.155,sell,293596872
1750580162434,81.27,1.467,sell,293596873
1750580162441,81.27,2.177,sell,293596874
1750580162579,81.27,0.13,sell,293596875
1750580162824,81.27,0.092,buy,293596876
1750580164530,81.26,0.449,sell,293596877
1750580164615,81.26,0.455,buy,293596878
1750580165300,81.25,6.6,sell,293596879
1750580165376,81.24,4.277,sell,293596880
1750580165404,81.23,1.655,sell,293596881
1750580165409,81.23,3.078,sell,293596882
1750580166510,81.23,15,sell,293596883
1750580169798,81.23,0.313,sell,293596884
1750580170527,81.24,0.384,buy,293596885
1750580172541,81.24,10.304,buy,293596886
1750580172590,81.25,0.217,buy,293596887
1750580172653,81.25,3.077,sell,293596888
1750580172678,81.25,5.088,sell,293596889
1750580172962,81.27,0.124,buy,293596890
1750580176120,81.27,0.1,sell,293596891
1750580176815,81.28,1.354,buy,293596892
1750580176845,81.29,1.11,buy,293596893
1750580176911,81.3,1.252,buy,293596894
1750580176943,81.29,2.804,sell,293596895
1750580176945,81.29,3.076,sell,293596896
1750580177554,81.29,1.482,sell,293596897
1750580177557,81.29,2.2,sell,293596898
1750580177840,81.29,0.968,sell,293596899
1750580177842,81.29,0.653,sell,293596900
1750580178090,81.29,0.406,sell,293596901
1750580178090,81.29,0.274,sell,293596902
1750580178321,81.29,0.13,sell,293596903
1750580178647,81.28,0.449,sell,293596904
1750580178647,81.27,1.314,sell,293596905
1750580181637,81.28,6.152,sell,293596906
1750580181645,81.28,3.076,sell,293596907
1750580182592,81.28,0.376,sell,293596908
1750580182664,81.29,0.141,buy,293596909
1750580182868,81.29,0.124,buy,293596910
1750580182936,81.29,3.076,sell,293596911
1750580182946,81.29,6.151,sell,293596912
1750580183501,81.29,0.262,sell,293596913
1750580184800,81.3,0.271,buy,293596914
1750580185115,81.29,0.416,sell,293596915
1750580186400,81.3,0.123,buy,293596916
1750580186518,81.29,1.51,sell,293596917
1750580186522,81.29,2.24,sell,293596918
1750580186841,81.29,0.622,sell,293596919
1750580186844,81.29,0.922,sell,293596920
1750580187210,81.29,0.284,sell,293596921
1750580187213,81.29,0.422,sell,293596922
1750580187217,81.29,0.23,sell,293596923
1750580187602,81.28,0.155,sell,293596924
1750580188755,81.29,0.093,buy,293596925
1750580189224,81.28,3.59,sell,293596926
1750580190018,81.28,0.38,sell,293596927
1750580190048,81.27,1.75,sell,293596928
1750580190054,81.27,3.076,sell,293596929
1750580190140,81.27,1.053,sell,293596930
1750580190219,81.27,0.211,sell,293596931
1750580190478,81.27,0.13,sell,293596932
1750580190678,81.27,0.377,buy,293596933
1750580191003,81.26,3.077,sell,293596934
1750580191007,81.26,0.433,sell,293596935
1750580191031,81.25,1.529,sell,293596936
1750580191031,81.24,0.265,sell,293596937
1750580192924,81.26,0.209,buy,293596938
1750580193044,81.26,1.376,sell,293596939
1750580193057,81.26,2.041,sell,293596940
1750580193059,81.27,0.124,buy,293596941
1750580194018,81.27,0.395,sell,293596942
1750580194411,81.28,0.486,buy,293596943
1750580195237,81.27,1.467,sell,293596944
1750580195238,81.27,2.177,sell,293596945
1750580195273,81.27,0.13,sell,293596946
1750580200255,81.26,0.176,sell,293596947
1750580201547,81.26,1.593,sell,293596948
1750580206706,81.27,0.517,buy,293596949
1750580207798,81.27,0.279,buy,293596950
1750580211139,81.27,5.424,sell,293596951
1750580211142,81.27,3.077,sell,293596952
1750580211292,81.28,7.161,buy,293596953
1750580212692,81.28,0.124,buy,293596954
1750580212736,81.28,0.794,sell,293596955
1750580212742,81.28,1.178,sell,293596956
1750580213607,81.29,0.214,buy,293596957
1750580215202,81.28,1.482,sell,293596958
1750580215204,81.28,2.2,sell,293596959
1750580215534,81.28,0.638,sell,293596960
1750580215535,81.28,0.946,sell,293596961
1750580215811,81.28,0.267,sell,293596962
1750580215820,81.28,0.397,sell,293596963
1750580217505,81.28,0.13,sell,293596964
1750580219939,81.28,5.756,sell,293596965
1750580219942,81.28,3.076,sell,293596966
1750580219980,81.29,1.181,buy,293596967
1750580221910,81.28,1.095,sell,293596968
1750580223237,81.29,6.151,sell,293596969
1750580223247,81.29,3.076,sell,293596970
1750580226131,81.29,1.467,sell,293596971
1750580226132,81.29,2.177,sell,293596972
1750580226417,81.29,0.959,sell,293596973
1750580226418,81.29,0.646,sell,293596974
1750580226736,81.29,0.7,sell,293596975
1750580226742,81.29,0.472,sell,293596976
1750580227037,81.29,2.857,sell,293596977
1750580227045,81.29,3.076,sell,293596978
1750580227840,81.29,1.467,sell,293596979
1750580227841,81.29,2.177,sell,293596980
1750580228156,81.29,0.959,sell,293596981
1750580228172,81.29,0.646,sell,293596982
1750580228342,81.3,0.124,buy,293596983
1750580228670,81.3,3.455,sell,293596984
1750580228671,81.3,3.076,sell,293596985
1750580229251,81.3,5.513,sell,293596986
1750580229256,81.3,3.076,sell,293596987
1750580229548,81.3,3.076,sell,293596988
1750580229548,81.3,3.522,sell,293596989
1750580229864,81.3,0.84,sell,293596990
1750580229883,81.3,0.566,sell,293596991
1750580229903,81.3,0.222,sell,293596992
1750580231735,81.29,3.076,sell,293596993
1750580231787,81.29,4.265,sell,293596994
1750580232162,81.29,4.977,sell,293596995
1750580232174,81.29,0.13,sell,293596996
1750580232174,81.28,2.946,sell,293596997
1750580233242,81.28,3.168,sell,293596998
1750580233246,81.28,0.13,sell,293596999
1750580233279,81.27,2.946,sell,293597000
1750580233303,81.27,48.858,sell,293597001
1750580233303,81.26,11.722,sell,293597002
1750580233703,81.27,0.57,buy,293597003
1750580234669,81.27,0.306,buy,293597004
1750580234799,81.26,6.154,sell,293597005
1750580234801,81.26,20,sell,293597006
1750580234920,81.25,3.077,sell,293597007
1750580235551,81.25,6.502,sell,293597008
1750580236941,81.26,0.906,sell,293597009
1750580236942,81.26,1.344,sell,293597010
1750580238064,81.27,0.124,buy,293597011
1750580239816,81.28,0.124,buy,293597012
1750580249021,81.29,0.13,buy,293597013
1750580249562,81.28,0.074,sell,293597014
1750580252582,81.28,12.873,sell,293597015
1750580252582,81.28,35.07,sell,293597016
1750580252639,81.27,6.071,sell,293597017
1750580252640,81.27,3.077,sell,293597018
1750580252641,81.27,6.335,sell,293597019
1750580252955,81.26,0.393,sell,293597020
1750580252955,81.25,2.684,sell,293597021
1750580252967,81.25,3.278,sell,293597022
1750580253233,81.25,2.659,sell,293597023
1750580253244,81.25,3.077,sell,293597024
1750580253511,81.25,3.143,sell,293597025
1750580253518,81.25,3.077,sell,293597026
1750580253728,81.25,0.195,sell,293597027
1750580254446,81.25,0.123,buy,293597028
1750580255549,81.24,5.996,sell,293597029
1750580255551,81.24,1.621,sell,293597030
1750580256940,81.23,3.078,sell,293597031
1750580256941,81.23,4.135,sell,293597032
1750580257251,81.23,3.078,sell,293597033
1750580257255,81.23,2.48,sell,293597034
1750580257521,81.23,3.078,sell,293597035
1750580257530,81.23,3.825,sell,293597036
1750580257764,81.23,3.078,sell,293597037
1750580257842,81.23,1.744,sell,293597038
1750580258034,81.23,1.983,sell,293597039
1750580258122,81.23,0.195,sell,293597040
1750580258238,81.23,0.356,buy,293597041
1750580261715,81.23,0.279,buy,293597042
1750580262377,81.22,0.335,sell,293597043
1750580263203,81.23,0.074,buy,293597044
1750580263341,81.23,3.078,sell,293597045
1750580263342,81.23,6.156,sell,293597046
1750580263571,81.23,6.156,sell,293597047
1750580263642,81.23,3.078,sell,293597048
1750580264441,81.23,4.678,sell,293597049
1750580264443,81.23,3.078,sell,293597050
1750580264811,81.23,3.078,sell,293597051
1750580264811,81.23,2.881,sell,293597052
1750580264872,81.24,0.124,buy,293597053
1750580265203,81.25,0.124,buy,293597054
1750580265252,81.26,0.217,buy,293597055
1750580265330,81.27,0.964,buy,293597056
1750580265545,81.26,5.604,sell,293597057
1750580265547,81.26,3.077,sell,293597058
1750580265801,81.26,3.077,sell,293597059
1750580265801,81.26,5.028,sell,293597060
1750580266040,81.26,2.785,sell,293597061
1750580266141,81.26,3.077,sell,293597062
1750580266631,81.26,1.431,sell,293597063
1750580266632,81.26,2.123,sell,293597064
1750580266942,81.26,1.214,sell,293597065
1750580266943,81.26,1.801,sell,293597066
1750580266946,81.26,0.195,sell,293597067
1750580269167,81.25,3.927,sell,293597068
1750580273671,81.26,0.08,buy,293597069
1750580274248,81.26,21.548,sell,293597070
1750580275454,81.27,0.124,buy,293597071
1750580275795,81.28,0.192,buy,293597072
1750580275795,81.29,0.989,buy,293597073
1750580275866,81.28,3.076,sell,293597074
1750580275867,81.28,6.152,sell,293597075
1750580278027,81.28,0.26,sell,293597076
1750580278130,81.27,2.2,sell,293597077
1750580278137,81.27,1.482,sell,293597078
1750580279819,81.27,3.077,sell,293597079
1750580279820,81.27,3.281,sell,293597080
1750580280512,81.27,1.617,sell,293597081
1750580280538,81.27,2.399,sell,293597082
1750580281362,81.29,0.192,buy,293597083
1750580281488,81.3,0.989,buy,293597084
1750580281630,81.29,1.526,sell,293597085
1750580281639,81.29,2.265,sell,293597086
1750580281918,81.3,1.205,buy,293597087
1750580282264,81.3,0.192,buy,293597088
1750580282395,81.3,0.342,sell,293597089
1750580282395,81.3,0.507,sell,293597090
1750580282403,81.31,0.192,buy,293597091
1750580282900,81.32,0.192,buy,293597092
1750580282976,81.33,0.068,buy,293597093
1750580283444,81.33,3.074,sell,293597094
1750580283447,81.33,6.148,sell,293597095
1750580283556,81.33,13.361,sell,293597096
1750580285157,81.33,0.507,sell,293597097
1750580285157,81.32,2.568,sell,293597098
1750580285167,81.32,3.179,sell,293597099
1750580285441,81.32,1.733,sell,293597100
1750580285444,81.32,2.572,sell,293597101
1750580286208,81.32,0.727,sell,293597102
1750580286253,81.32,1.079,sell,293597103
1750580286693,81.32,0.379,sell,293597104
1750580286694,81.32,0.562,sell,293597105
1750580289102,81.32,0.249,sell,293597106
1750580289103,81.32,0.07,sell,293597107
1750580289103,81.31,0.299,sell,293597108
1750580290383,81.31,3.075,sell,293597109
1750580290407,81.31,2.732,sell,293597110
1750580290853,81.31,0.279,buy,293597111
1750580293221,81.31,5.838,buy,293597112
1750580293342,81.32,1.181,buy,293597113
1750580293347,81.31,6.15,sell,293597114
1750580293356,81.31,3.075,sell,293597115
1750580293743,81.31,2.901,sell,293597116
1750580293750,81.31,3.075,sell,293597117
1750580293924,81.32,0.383,buy,293597118
1750580294028,81.31,1.794,sell,293597119
1750580294059,81.31,2.662,sell,293597120
1750580295052,81.31,1.533,sell,293597121
1750580295103,81.31,2.275,sell,293597122
1750580296136,81.31,4.755,sell,293597123
1750580296150,81.31,3.075,sell,293597124
1750580296246,81.32,0.957,buy,293597125
1750580296442,81.31,1.872,sell,293597126
1750580296478,81.31,2.778,sell,293597127
1750580296733,81.31,1.166,sell,293597128
1750580296743,81.31,0.786,sell,293597129
1750580297275,81.31,1.722,sell,293597130
1750580297277,81.31,2.555,sell,293597131
1750580297773,81.31,0.108,sell,293597132
1750580299352,81.32,0.124,buy,293597133
1750580299443,81.32,3.826,sell,293597134
1750580299444,81.32,3.075,sell,293597135
1750580299735,81.32,2.223,sell,293597136
1750580299741,81.32,1.498,sell,293597137
1750580300143,81.32,0.629,sell,293597138
1750580300146,81.32,0.933,sell,293597139
1750580300412,81.32,0.264,sell,293597140
1750580300415,81.32,0.392,sell,293597141
1750580301108,81.33,0.438,buy,293597142
1750580301252,81.32,4.134,sell,293597143
1750580301254,81.32,3.075,sell,293597144
1750580302731,81.33,0.124,buy,293597145
1750580302748,81.33,3.075,sell,293597146
1750580302752,81.33,1.317,sell,293597147
1750580302752,81.32,2.804,sell,293597148
1750580303445,81.33,6.148,sell,293597149
1750580303446,81.33,3.074,sell,293597150
1750580304021,81.34,0.068,buy,293597151
1750580304137,81.34,2.548,sell,293597152
1750580304139,81.34,1.717,sell,293597153
1750580304464,81.34,3.074,sell,293597154
1750580304561,81.34,3.676,sell,293597155
1750580304835,81.34,2.817,sell,293597156
1750580304843,81.34,3.074,sell,293597157
1750580305243,81.34,1.441,sell,293597158
1750580305245,81.34,2.138,sell,293597159
1750580305735,81.34,0.13,sell,293597160
1750580305796,81.33,0.475,sell,293597161
1750580305798,81.33,0.897,sell,293597162
1750580306427,81.34,0.061,buy,293597163
1750580308138,81.33,3.21,sell,293597164
1750580308143,81.33,3.074,sell,293597165
1750580308378,81.33,2.629,sell,293597166
1750580308390,81.33,1.772,sell,293597167
1750580310500,81.33,0.13,sell,293597168
1750580310653,81.32,0.449,sell,293597169
1750580310686,81.31,1.882,sell,293597170
1750580310690,81.31,1.571,sell,293597171
1750580311141,81.31,0.13,sell,293597172
1750580312442,81.3,1.542,sell,293597173
1750580312447,81.3,2.288,sell,293597174
1750580312681,81.3,1.006,sell,293597175
1750580312689,81.3,0.678,sell,293597176
1750580314556,81.3,0.13,sell,293597177
1750580314556,81.29,4.782,sell,293597178
1750580315481,81.29,0.13,sell,293597179
1750580316246,81.28,0.384,sell,293597180
1750580316276,81.27,2.692,sell,293597181
1750580316299,81.27,3.449,sell,293597182
1750580317406,81.27,0.727,sell,293597183
1750580320293,81.28,5.996,buy,293597184
1750580320293,81.29,36.187,buy,293597185
1750580320293,81.3,26.217,buy,293597186
1750580320331,81.29,3.076,sell,293597187
1750580320339,81.29,6.152,sell,293597188
1750580321294,81.3,0.37,buy,293597189
1750580322294,81.3,2.96,buy,293597190
1750580323924,81.29,1.492,sell,293597191
1750580323934,81.29,2.213,sell,293597192
1750580324193,81.29,2.042,sell,293597193
1750580324202,81.29,3.03,sell,293597194
1750580324650,81.3,6.151,sell,293597195
1750580324671,81.3,0.839,sell,293597196
1750580325940,81.31,0.124,buy,293597197
1750580327628,81.31,0.26,sell,293597198
1750580327671,81.3,3.075,sell,293597199
1750580327677,81.3,4.882,sell,293597200
1750580328042,81.3,1.447,sell,293597201
1750580328046,81.3,2.147,sell,293597202
1750580328733,81.3,1.467,sell,293597203
1750580328742,81.3,2.176,sell,293597204
1750580329043,81.3,0.646,sell,293597205
1750580329043,81.3,0.959,sell,293597206
1750580329197,81.3,1.159,sell,293597207
1750580329200,81.29,0.325,sell,293597208
1750580329846,81.28,0.151,sell,293597209
1750580330335,81.29,3.076,sell,293597210
1750580330344,81.29,6.151,sell,293597211
1750580330597,81.29,0.493,sell,293597212
1750580330602,81.29,0.731,sell,293597213
1750580330840,81.29,2.483,sell,293597214
1750580330938,81.29,1.093,sell,293597215
1750580331117,81.29,1.244,sell,293597216
1750580331238,81.29,0.548,sell,293597217
1750580331367,81.29,0.622,sell,293597218
1750580331493,81.29,0.274,sell,293597219
1750580331627,81.29,0.312,sell,293597220
1750580331899,81.3,2.424,buy,293597221
1750580333841,81.29,3.076,sell,293597222
1750580333842,81.29,2.765,sell,293597223
1750580334078,81.29,2.124,sell,293597224
1750580334142,81.29,0.935,sell,293597225
1750580334317,81.29,1.063,sell,293597226
1750580334415,81.29,0.717,sell,293597227
1750580334418,81.29,0.13,sell,293597228
1750580335187,81.29,0.061,buy,293597229
1750580335749,81.28,3.708,sell,293597230
1750580336833,81.29,0.893,sell,293597231
1750580336842,81.29,1.325,sell,293597232
1750580337071,81.29,0.789,sell,293597233
1750580337081,81.29,0.532,sell,293597234
1750580337091,81.3,0.124,buy,293597235
1750580338578,81.31,0.329,buy,293597236
1750580339348,81.31,1.731,buy,293597237
1750580339442,81.31,0.251,sell,293597238
1750580339444,81.31,0.372,sell,293597239
1750580340292,81.32,0.192,buy,293597240
1750580342535,81.33,0.192,buy,293597241
1750580342642,81.33,1.543,sell,293597242
1750580342652,81.33,2.29,sell,293597243
1750580343851,81.33,4.304,sell,293597244
1750580344151,81.34,0.192,buy,293597245
1750580344264,81.34,6.148,sell,293597246
1750580344269,81.34,3.074,sell,293597247
1750580344285,81.35,6.51,buy,293597248
1750580346488,81.35,1.496,sell,293597249
1750580346496,81.35,2.22,sell,293597250
1750580346656,81.35,0.195,sell,293597251
1750580347050,81.34,6.148,sell,293597252
1750580347056,81.34,3.074,sell,293597253
1750580347436,81.34,1.491,sell,293597254
1750580347479,81.33,2.212,sell,293597255
1750580348695,81.33,0.325,sell,293597256
1750580348900,81.32,0.449,sell,293597257
1750580348943,81.31,1.077,sell,293597258
1750580348953,81.31,2.264,sell,293597259
1750580349148,81.31,2.641,sell,293597260
1750580349160,81.31,3.766,sell,293597261
1750580349160,81.3,1.531,sell,293597262
1750580351156,81.3,1.27,sell,293597263
1750580351189,81.3,1.884,sell,293597264
1750580351472,81.3,0.13,sell,293597265
1750580352564,81.3,0.247,buy,293597266
1750580353517,81.3,0.454,buy,293597267
1750580354240,81.3,6.151,sell,293597268
1750580354241,81.3,3.076,sell,293597269
1750580355718,81.3,2.451,sell,293597270
1750580357087,81.3,0.178,sell,293597271
1750580364503,81.3,0.325,sell,293597272
1750580364633,81.29,1.497,sell,293597273
1750580364635,81.29,2.222,sell,293597274
1750580365433,81.3,1.15,buy,293597275
1750580367445,81.31,0.124,buy,293597276
1750580367550,81.32,0.124,buy,293597277
1750580369818,81.33,0.081,buy,293597278
1750580370864,81.33,0.903,buy,293597279
1750580370987,81.33,0.124,buy,293597280
1750580371040,81.33,5.633,sell,293597281
1750580371048,81.33,3.074,sell,293597282
1750580371337,81.33,3.074,sell,293597283
1750580371337,81.33,2.796,sell,293597284
1750580371757,81.33,1.44,sell,293597285
1750580371767,81.33,2.136,sell,293597286
1750580372000,81.33,0.604,sell,293597287
1750580372127,81.34,1.777,buy,293597288
1750580372212,81.33,0.687,sell,293597289
1750580372354,81.33,0.303,sell,293597290
1750580372788,81.33,0.991,sell,293597291
1750580372788,81.32,0.573,sell,293597292
1750580373025,81.33,0.138,buy,293597293
1750580387205,81.33,0.869,buy,293597294
1750580390042,81.33,5.859,sell,293597295
1750580390052,81.33,3.074,sell,293597296
1750580390463,81.33,0.26,sell,293597297
1750580390931,81.32,2.264,sell,293597298
1750580390936,81.32,1.526,sell,293597299
1750580391338,81.32,0.671,sell,293597300
1750580391340,81.32,0.995,sell,293597301
1750580391631,81.32,0.418,sell,293597302
1750580391633,81.32,0.282,sell,293597303
1750580393900,81.33,0.457,buy,293597304
1750580396122,81.34,0.192,buy,293597305
1750580396143,81.35,1.181,buy,293597306
1750580396301,81.35,0.192,buy,293597307
1750580396365,81.36,0.191,buy,293597308
1750580396465,81.36,3.073,sell,293597309
1750580396468,81.36,5.07,sell,293597310
1750580401123,81.37,0.061,buy,293597311
1750580406049,81.36,0.287,sell,293597312
1750580406458,81.36,0.36,buy,293597313
1750580407446,81.36,0.891,buy,293597314
1750580410741,81.35,2.689,sell,293597315
1750580410743,81.35,0.065,sell,293597316
1750580410769,81.34,3.009,sell,293597317
1750580411164,81.35,3.074,sell,293597318
1750580411165,81.35,6.147,sell,293597319
1750580411631,81.35,3.074,sell,293597320
1750580411639,81.35,6.147,sell,293597321
1750580412558,81.35,3.673,sell,293597322
1750580412566,81.35,3.074,sell,293597323
1750580412826,81.35,2.097,sell,293597324
1750580412844,81.35,3.074,sell,293597325
1750580413347,81.35,0.919,sell,293597326
1750580413354,81.35,1.363,sell,293597327
1750580413909,81.35,0.386,sell,293597328
1750580413910,81.35,0.572,sell,293597329
1750580415103,81.36,2.545,buy,293597330
1750580415234,81.35,1.123,sell,293597331
1750580415242,81.35,0.757,sell,293597332
1750580415503,81.35,0.348,sell,293597333
1750580415505,81.35,0.195,sell,293597334
1750580415552,81.34,0.516,sell,293597335
1750580420734,81.34,6.464,sell,293597336
1750580420831,81.33,0.517,sell,293597337
1750580420831,81.32,0.993,sell,293597338
1750580420850,81.32,2.241,sell,293597339
1750580425208,81.32,0.371,sell,293597340
1750580427259,81.32,0.146,sell,293597341
1750580427676,81.31,2.288,sell,293597342
1750580427683,81.31,1.542,sell,293597343
1750580427878,81.31,2.898,sell,293597344
1750580428740,81.3,0.342,sell,293597345
1750580428742,81.3,0.175,sell,293597346
1750580428755,81.3,1.242,buy,293597347
1750580428771,81.29,0.332,sell,293597348
1750580431867,81.29,2.228,sell,293597349
1750580431876,81.29,1.502,sell,293597350
1750580432240,81.29,0.661,sell,293597351
1750580432263,81.29,0.98,sell,293597352
1750580432519,81.29,0.277,sell,293597353
1750580432543,81.29,0.411,sell,293597354
1750580434775,81.29,0.773,sell,293597355
1750580434777,81.29,1.147,sell,293597356
1750580434950,81.3,1.227,buy,293597357
1750580435040,81.29,0.355,sell,293597358
1750580435127,81.29,0.195,sell,293597359
1750580435155,81.28,0.332,sell,293597360
1750580435945,81.29,2.177,sell,293597361
1750580435947,81.29,1.467,sell,293597362
1750580437081,81.29,0.959,sell,293597363
1750580437083,81.29,0.646,sell,293597364
1750580437325,81.3,0.766,buy,293597365
1750580437587,81.29,0.271,sell,293597366
1750580437596,81.29,0.403,sell,293597367
1750580439985,81.3,0.13,buy,293597368
1750580441943,81.29,1.589,sell,293597369
1750580441943,81.29,1.071,sell,293597370
1750580444555,81.29,0.087,sell,293597371
1750580445485,81.3,0.257,buy,293597372
1750580445535,81.3,6.151,sell,293597373
1750580445543,81.3,3.076,sell,293597374
1750580445610,81.3,9.7,sell,293597375
1750580450799,81.3,5.272,sell,293597376
1750580453269,81.31,0.082,buy,293597377
1750580453341,81.31,3.075,sell,293597378
1750580453342,81.31,4.564,sell,293597379
1750580454301,81.32,0.124,buy,293597380
1750580454531,81.32,3.02,sell,293597381
1750580454542,81.32,2.035,sell,293597382
1750580454787,81.32,0.855,sell,293597383
1750580454790,81.32,1.268,sell,293597384
1750580455221,81.33,0.192,buy,293597385
1750580455241,81.34,1.181,buy,293597386
1750580455324,81.34,1.181,buy,293597387
1750580455825,81.34,1.181,buy,293597388
1750580456114,81.34,0.192,buy,293597389
1750580456228,81.35,1.181,buy,293597390
1750580456482,81.35,0.192,buy,293597391
1750580456531,81.35,0.475,sell,293597392
1750580456541,81.35,0.32,sell,293597393
1750580456774,81.36,0.121,buy,293597394
1750580461772,81.36,0.192,buy,293597395
1750580461858,81.36,3.073,sell,293597396
1750580461859,81.36,2.394,sell,293597397
1750580462138,81.36,1.657,sell,293597398
1750580462142,81.36,1.117,sell,293597399
1750580462436,81.36,1.466,sell,293597400
1750580462446,81.36,2.175,sell,293597401
1750580462947,81.36,1.372,sell,293597402
1750580462958,81.36,0.925,sell,293597403
1750580463243,81.36,0.34,sell,293597404
1750580463245,81.36,0.505,sell,293597405
1750580463543,81.36,0.289,sell,293597406
1750580463748,81.36,0.222,sell,293597407
1750580463773,81.35,1.179,sell,293597408
1750580463887,81.35,2.078,sell,293597409
1750580464705,81.35,1.525,sell,293597410
1750580464716,81.35,2.263,sell,293597411
1750580465001,81.35,0.671,sell,293597412
1750580465011,81.35,0.995,sell,293597413
1750580465037,81.35,0.195,sell,293597414
1750580465372,81.34,2.263,sell,293597415
1750580465376,81.34,1.525,sell,293597416
1750580465500,81.34,0.13,sell,293597417
1750580470612,81.33,3.074,sell,293597418
1750580470623,81.33,2.61,sell,293597419
1750580470946,81.33,1.948,sell,293597420
1750580470992,81.33,1.313,sell,293597421
1750580471000,81.33,0.195,sell,293597422
1750580477306,81.33,4.047,buy,293597423
1750580477579,81.33,4.241,buy,293597424
1750580478982,81.34,0.268,buy,293597425
1750580481259,81.34,0.124,buy,293597426
1750580481277,81.35,4,buy,293597427
1750580481345,81.35,0.395,sell,293597428
1750580481352,81.35,0.266,sell,293597429
1750580483418,81.36,2.083,buy,293597430
1750580483420,81.36,2.574,buy,293597431
1750580483534,81.36,0.811,sell,293597432
1750580483542,81.36,1.203,sell,293597433
1750580486638,81.36,0.145,sell,293597434
1750580489060,81.36,9.559,sell,293597435
1750580489358,81.35,0.448,sell,293597436
1750580489358,81.34,4.604,sell,293597437
1750580489358,81.33,17.113,sell,293597438
1750580493158,81.34,0.124,buy,293597439
1750580494442,81.34,2.458,buy,293597440
1750580496854,81.35,0.124,buy,293597441
1750580496855,81.36,4,buy,293597442
1750580496916,81.36,1.181,buy,293597443
1750580496916,81.36,0.7,buy,293597444
1750580500611,81.37,0.192,buy,293597445
1750580500933,81.38,0.191,buy,293597446
1750580501015,81.39,0.284,buy,293597447
1750580501130,81.4,0.706,buy,293597448
1750580501191,81.39,0.708,sell,293597449
1750580501194,81.39,1.05,sell,293597450
1750580501742,81.4,3.046,sell,293597451
1750580501747,81.4,2.053,sell,293597452
1750580502145,81.4,0.862,sell,293597453
1750580502150,81.4,1.279,sell,293597454
1750580502435,81.4,0.336,sell,293597455
1750580502442,81.4,0.499,sell,293597456
1750580505099,81.4,2.403,sell,293597457
1750580506292,81.4,0.363,sell,293597458
1750580507670,81.4,0.251,sell,293597459
1750580507671,81.4,0.373,sell,293597460
1750580507700,81.4,0.58,sell,293597461
1750580507738,81.4,0.416,buy,293597462
1750580508200,81.39,0.448,sell,293597463
1750580510702,81.38,2.219,sell,293597464
1750580510703,81.38,1.496,sell,293597465
1750580510934,81.38,0.658,sell,293597466
1750580511024,81.38,0.977,sell,293597467
1750580511240,81.38,0.276,sell,293597468
1750580511335,81.38,2.31,sell,293597469
1750580513041,81.38,0.592,buy,293597470
1750580515661,81.38,1.049,buy,293597471
1750580515945,81.38,4.876,sell,293597472
1750580515946,81.38,3.073,sell,293597473
1750580521703,81.38,6.337,sell,293597474
1750580521705,81.38,0.065,sell,293597475
1750580521752,81.37,2.415,sell,293597476
1750580521780,81.37,3.073,sell,293597477
1750580524246,81.38,2.098,sell,293597478
1750580524268,81.38,3.073,sell,293597479
1750580528498,81.39,0.091,buy,293597480
1750580528993,81.39,0.086,buy,293597481
1750580532355,81.39,13.827,buy,293597482
1750580532363,81.4,4,buy,293597483
1750580532364,81.4,13.048,buy,293597484
1750580532413,81.41,4,buy,293597485
1750580532488,81.4,6.143,sell,293597486
1750580532543,81.4,3.072,sell,293597487
1750580532913,81.42,2.008,buy,293597488
1750580533603,81.42,2.174,sell,293597489
1750580533614,81.42,1.465,sell,293597490
1750580533851,81.42,2.76,sell,293597491
1750580535807,81.42,12.27,buy,293597492
1750580535914,81.42,0.981,buy,293597493
1750580535981,81.41,1.469,sell,293597494
1750580540034,81.42,1.023,sell,293597495
1750580540046,81.42,1.517,sell,293597496
1750580540338,81.42,1.122,sell,293597497
1750580540347,81.42,1.665,sell,293597498
1750580540767,81.42,0.383,sell,293597499
1750580540878,81.42,0.438,sell,293597500
1750580541175,81.42,3.779,sell,293597501
1750580542667,81.43,9.021,buy,293597502
1750580542742,81.43,4.324,sell,293597503
1750580542745,81.43,3.071,sell,293597504
1750580542902,81.44,0.316,buy,293597505
1750580542919,81.45,0.865,buy,293597506
1750580547184,81.45,0.718,buy,293597507
1750580548155,81.45,0.133,buy,293597508
1750580548749,81.44,1.44,sell,293597509
1750580551057,81.45,0.192,buy,293597510
1750580552495,81.45,0.75,buy,293597511
1750580555335,81.45,4.707,sell,293597512
1750580555345,81.45,3.07,sell,293597513
1750580555748,81.45,3.077,sell,293597514
1750580555749,81.45,3.07,sell,293597515
1750580556067,81.45,2.214,sell,293597516
1750580556071,81.45,3.07,sell,293597517
1750580556123,81.45,2.507,sell,293597518
1750580556174,81.45,0.13,sell,293597519
1750580556604,81.45,0.589,buy,293597520
1750580557066,81.45,2.735,buy,293597521
1750580559142,81.45,13.087,buy,293597522
1750580559148,81.46,13.866,buy,293597523
1750580559216,81.47,2.362,buy,293597524
1750580560055,81.47,0.103,buy,293597525
1750580561467,81.46,1.904,sell,293597526
1750580561470,81.46,2.825,sell,293597527
1750580561814,81.46,4.026,sell,293597528
1750580562182,81.45,0.383,sell,293597529
1750580562605,81.44,0.184,sell,293597530
1750580562900,81.44,0.483,sell,293597531
1750580567310,81.43,6.586,sell,293597532
1750580570119,81.43,0.529,buy,293597533
1750580571331,81.42,2.285,sell,293597534
1750580571342,81.42,1.54,sell,293597535
1750580571572,81.42,0.677,sell,293597536
1750580571580,81.42,1.004,sell,293597537
1750580571647,81.42,0.5,sell,293597538
1750580571697,81.42,0.13,sell,293597539
1750580571939,81.41,1.54,sell,293597540
1750580571945,81.41,2.285,sell,293597541
1750580572100,81.41,0.13,sell,293597542
1750580572464,81.41,0.211,buy,293597543
1750580572588,81.4,1.54,sell,293597544
1750580572592,81.4,2.285,sell,293597545
1750580572620,81.4,0.13,sell,293597546
1750580574368,81.39,4.395,sell,293597547
1750580574369,81.39,3.072,sell,293597548
1750580574841,81.39,1.853,sell,293597549
1750580574842,81.39,2.749,sell,293597550
1750580575110,81.39,0.629,sell,293597551
1750580575141,81.39,2.212,sell,293597552
1750580575146,81.39,3.072,sell,293597553
1750580575385,81.39,0.862,sell,293597554
1750580575442,81.39,0.979,sell,293597555
1750580576721,81.39,0.195,sell,293597556
1750580576753,81.38,9.854,sell,293597557
1750580576759,81.38,0.065,sell,293597558
1750580576861,81.37,0.448,sell,293597559
1750580576887,81.36,0.474,sell,293597560
1750580576895,81.36,0.621,sell,293597561
1750580576992,81.36,0.195,sell,293597562
1750580577579,81.35,0.383,sell,293597563
1750580577581,81.35,0.065,sell,293597564
1750580580332,81.34,0.516,sell,293597565
1750580580359,81.33,2.527,sell,293597566
1750580580362,81.33,2.051,sell,293597567
1750580581372,81.35,0.253,buy,293597568
1750580581386,81.36,0.124,buy,293597569
1750580581482,81.36,3.073,sell,293597570
1750580581486,81.36,6.146,sell,293597571
1750580581647,81.37,0.123,buy,293597572
1750580582000,81.37,2.845,sell,293597573
1750580582009,81.37,3.073,sell,293597574
1750580582176,81.38,0.414,buy,293597575
1750580583842,81.37,4.33,sell,293597576
1750580583842,81.37,3.073,sell,293597577
1750580585437,81.37,0.195,sell,293597578
1750580585461,81.36,1.042,sell,293597579
1750580585475,81.36,0.834,sell,293597580
1750580589166,81.37,5.858,sell,293597581
1750580589208,81.37,3.073,sell,293597582
1750580592500,81.37,0.195,sell,293597583
1750580592676,81.37,0.383,buy,293597584
1750580593865,81.36,2.718,sell,293597585
1750580593884,81.36,3.073,sell,293597586
1750580594217,81.36,1.396,sell,293597587
1750580594230,81.36,2.071,sell,293597588
1750580594483,81.36,0.869,sell,293597589
1750580594496,81.36,0.586,sell,293597590
1750580594835,81.36,0.246,sell,293597591
1750580594845,81.36,0.364,sell,293597592
1750580595203,81.37,3.168,sell,293597593
1750580595209,81.37,1.173,sell,293597594
1750580595209,81.36,1.9,sell,293597595
1750580595702,81.36,4.114,sell,293597596
1750580595797,81.37,0.253,buy,293597597
1750580596853,81.37,0.062,buy,293597598
1750580597793,81.37,0.086,buy,293597599
1750580598050,81.36,2.819,sell,293597600
1750580598053,81.36,5.311,sell,293597601
1750580598054,81.36,0.065,sell,293597602
1750580598085,81.35,1.9,sell,293597603
1750580598900,81.35,0.449,sell,293597604
1750580598921,81.34,0.171,sell,293597605
1750580598931,81.34,0.92,sell,293597606
1750580599949,81.35,0.245,buy,293597607
1750580602871,81.35,1.836,buy,293597608
1750580603039,81.35,6.147,sell,293597609
1750580603043,81.35,3.074,sell,293597610
1750580603332,81.35,1.115,sell,293597611
1750580603340,81.35,0.751,sell,293597612
1750580603666,81.35,0.424,sell,293597613
1750580603675,81.35,0.63,sell,293597614
1750580604522,81.36,0.124,buy,293597615
1750580604825,81.36,0.26,sell,293597616
1750580604895,81.35,2.197,sell,293597617
1750580604898,81.35,1.481,sell,293597618
1750580605864,81.35,0.288,sell,293597619
1750580605868,81.35,0.427,sell,293597620
1750580605900,81.35,0.645,sell,293597621
1750580610107,81.36,0.124,buy,293597622
1750580610217,81.37,1.181,buy,293597623
1750580610540,81.37,3.073,sell,293597624
1750580610542,81.37,6.145,sell,293597625
1750580610830,81.37,3.073,sell,293597626
1750580610842,81.37,2.143,sell,293597627
1750580611233,81.37,1.522,sell,293597628
1750580611241,81.37,1.026,sell,293597629
1750580611514,81.37,0.496,sell,293597630
1750580611535,81.36,0.142,sell,293597631
1750580611826,81.36,0.306,sell,293597632
1750580611847,81.35,1.93,sell,293597633
1750580611854,81.35,1.507,sell,293597634
1750580612471,81.36,0.611,buy,293597635
1750580615589,81.36,0.472,buy,293597636
1750580621883,81.35,1.799,sell,293597637
1750580621892,81.35,1.213,sell,293597638
1750580624732,81.35,2.29,sell,293597639
1750580624740,81.35,1.543,sell,293597640
1750580624981,81.35,2.027,sell,293597641
1750580624993,81.35,3.007,sell,293597642
1750580624995,81.35,0.195,sell,293597643
1750580626943,81.35,0.113,buy,293597644
1750580627139,81.35,1.894,sell,293597645
1750580627147,81.35,2.811,sell,293597646
1750580627407,81.35,4.377,sell,293597647
1750580627407,81.35,3.074,sell,293597648
1750580627512,81.36,1,buy,293597649
1750580627654,81.36,0.061,buy,293597650
1750580627739,81.35,2.885,sell,293597651
1750580627741,81.35,3.074,sell,293597652
1750580628032,81.35,2.254,sell,293597653
1750580628033,81.35,1.519,sell,293597654
1750580628299,81.35,0.43,sell,293597655
1750580628313,81.35,0.29,sell,293597656
1750580630070,81.35,0.305,sell,293597657
1750580633990,81.35,0.783,buy,293597658
1750580634197,81.35,0.171,buy,293597659
1750580634318,81.35,0.924,buy,293597660
1750580634320,81.35,0.58,buy,293597661
1750580634330,81.36,0.124,buy,293597662
1750580634432,81.36,0.769,sell,293597663
1750580634438,81.36,0.519,sell,293597664
1750580634831,81.36,1.489,sell,293597665
1750580634833,81.36,0.666,sell,293597666
1750580634861,81.35,1.544,sell,293597667
1750580635100,81.35,0.138,sell,293597668
1750580640353,81.35,6.339,sell,293597669
1750580640464,81.34,0.542,sell,293597670
1750580640569,81.33,0.517,sell,293597671
1750580640569,81.32,0.998,sell,293597672
1750580640572,81.32,1.021,sell,293597673
1750580640783,81.32,0.26,sell,293597674
1750580640785,81.32,0.065,sell,293597675
1750580641084,81.31,0.387,sell,293597676
1750580641122,81.31,0.13,sell,293597677
1750580641258,81.3,4.314,sell,293597678
1750580641259,81.3,0.065,sell,293597679
1750580641550,81.29,0.452,sell,293597680
1750580641551,81.29,0.065,sell,293597681
1750580642248,81.29,0.141,buy,293597682
1750580642323,81.29,0.515,buy,293597683
1750580643117,81.29,12.301,buy,293597684
1750580643520,81.29,3.688,buy,293597685
1750580644696,81.29,3.062,buy,293597686
1750580645436,81.28,2.948,sell,293597687
1750580645446,81.28,1.987,sell,293597688
1750580645678,81.29,0.135,buy,293597689
1750580649500,81.3,0.259,buy,293597690
1750580649843,81.3,0.195,sell,293597691
1750580654754,81.29,1.597,sell,293597692
1750580654783,81.29,2.37,sell,293597693
1750580655244,81.29,3.527,sell,293597694
1750580655277,81.29,3.076,sell,293597695
1750580655950,81.3,0.135,buy,293597696
1750580659738,81.31,0.314,buy,293597697
1750580665044,81.31,1.111,buy,293597698
1750580667681,81.31,0.547,buy,293597699
1750580667855,81.31,0.123,buy,293597700
1750580670443,81.31,1.55,buy,293597701
1750580672001,81.3,1.066,sell,293597702
1750580672029,81.29,0.604,sell,293597703
1750580672030,81.29,2.479,sell,293597704
1750580672192,81.29,0.13,sell,293597705
1750580672700,81.28,1.543,sell,293597706
1750580672703,81.28,2.289,sell,293597707
1750580673800,81.28,0.13,sell,293597708
1750580674975,81.28,0.153,buy,293597709
1750580675519,81.27,0.393,sell,293597710
1750580675699,81.26,1.142,sell,293597711
1750580675702,81.26,1.694,sell,293597712
1750580676148,81.26,0.734,sell,293597713
1750580676149,81.26,0.495,sell,293597714
1750580676463,81.26,0.346,sell,293597715
1750580676735,81.26,0.258,sell,293597716
1750580677505,81.26,2.495,sell,293597717
1750580677506,81.26,3.077,sell,293597718
1750580677788,81.26,1.193,sell,293597719
1750580677790,81.26,1.77,sell,293597720
1750580678034,81.26,0.501,sell,293597721
1750580678048,81.26,0.743,sell,293597722
1750580678473,81.26,0.683,sell,293597723
1750580678475,81.26,1.014,sell,293597724
1750580681090,81.27,0.148,buy,293597725
1750580686760,81.26,2.285,sell,293597726
1750580686761,81.26,1.54,sell,293597727
1750580687177,81.26,0.953,sell,293597728
1750580687177,81.26,0.642,sell,293597729
1750580687608,81.26,0.4,sell,293597730
1750580687615,81.26,0.27,sell,293597731
1750580688732,81.26,3.077,sell,293597732
1750580688733,81.26,3.906,sell,293597733
1750580689312,81.26,2.305,sell,293597734
1750580689315,81.26,3.077,sell,293597735
1750580690143,81.26,1.079,sell,293597736
1750580690143,81.26,1.602,sell,293597737
1750580690426,81.26,1.89,sell,293597738
1750580690435,81.26,2.804,sell,293597739
1750580690466,81.27,0.369,buy,293597740
1750580691137,81.26,1.35,sell,293597741
1750580691142,81.26,0.91,sell,293597742
1750580692777,81.26,0.698,sell,293597743
1750580692779,81.26,1.036,sell,293597744
1750580692841,81.27,1.203,buy,293597745
1750580693007,81.26,1.663,sell,293597746
1750580693039,81.26,2.468,sell,293597747
1750580693338,81.26,0.195,sell,293597748
1750580693362,81.25,0.222,sell,293597749
1750580693369,81.25,0.619,sell,293597750
1750580696701,81.26,0.117,buy,293597751
1750580697719,81.25,0.325,sell,293597752
1750580697746,81.24,5.829,sell,293597753
1750580697749,81.24,0.13,sell,293597754
1750580697754,81.23,3.077,sell,293597755
1750580699046,81.23,0.26,sell,293597756
1750580699080,81.22,2.287,sell,293597757
1750580699081,81.22,1.281,sell,293597758
1750580699089,81.22,0.13,sell,293597759
1750580699091,81.22,2.275,buy,293597760
1750580699091,81.22,2.275,buy,293597761
1750580699092,81.22,2.462,buy,293597762
1750580699092,81.22,2.462,buy,293597763
1750580699369,81.22,1.001,buy,293597764
1750580701562,81.21,3.079,sell,293597765
1750580701564,81.21,12.438,sell,293597766
1750580701657,81.2,2.514,sell,293597767
1750580703013,81.21,0.094,buy,293597768
1750580708567,81.22,0.124,buy,293597769
1750580708640,81.22,6.157,sell,293597770
1750580708644,81.22,3.079,sell,293597771
1750580711139,81.22,0.184,sell,293597772
1750580711778,81.23,0.489,buy,293597773
1750580712973,81.22,0.693,sell,293597774
1750580713084,81.21,6.157,sell,293597775
1750580713105,81.21,3.079,sell,293597776
1750580713442,81.21,3.919,sell,293597777
1750580713470,81.21,3.079,sell,293597778
1750580713711,81.21,2.331,sell,293597779
1750580713746,81.21,3.079,sell,293597780
1750580714141,81.21,1.717,sell,293597781
1750580714160,81.21,1.157,sell,293597782
1750580714444,81.21,0.72,sell,293597783
1750580714450,81.21,0.486,sell,293597784
1750580715100,81.21,0.553,sell,293597785
1750580715159,81.2,2.303,sell,293597786
1750580715163,81.2,1.552,sell,293597787
1750580723254,81.2,3.079,sell,293597788
1750580723256,81.2,44.642,sell,293597789
1750580723283,81.19,6.158,sell,293597790
1750580723524,81.19,0.13,sell,293597791
1750580727892,81.19,0.185,buy,293597792
1750580727938,81.18,0.517,sell,293597793
1750580728048,81.17,1.378,sell,293597794
1750580728076,81.16,2.757,sell,293597795
1750580728077,81.16,1.702,sell,293597796
1750580728211,81.16,0.13,sell,293597797
1750580729553,81.15,61.561,sell,293597798
1750580729799,81.15,25.195,sell,293597799
1750580729848,81.15,1.194,buy,293597800
1750580729878,81.15,1.181,buy,293597801
1750580730171,81.15,1.126,buy,293597802
1750580731164,81.15,1.103,buy,293597803
1750580732422,81.14,23.866,sell,293597804
1750580732422,81.13,71.978,sell,293597805
1750580739852,81.13,37.849,buy,293597806
1750580739855,81.13,198.466,buy,293597807
1750580739857,81.14,4.931,buy,293597808
1750580739858,81.15,4,buy,293597809
1750580739859,81.15,1.235,buy,293597810
1750580739859,81.15,3.064,buy,293597811
1750580739859,81.15,1.235,buy,293597812
1750580739859,81.15,1.235,buy,293597813
1750580739859,81.15,1.235,buy,293597814
1750580739859,81.15,1.235,buy,293597815
1750580739859,81.15,1.235,buy,293597816
1750580739860,81.15,6.163,buy,293597817
1750580739861,81.15,13.346,buy,293597818
1750580739861,81.15,26.501,buy,293597819
1750580739916,81.16,1.181,buy,293597820
1750580740004,81.16,4.388,buy,293597821
1750580740016,81.16,1.181,buy,293597822
1750580740870,81.15,35.029,sell,293597823
1750580740870,81.14,9.233,sell,293597824
1750580742926,81.15,0.903,sell,293597825
1750580747131,81.16,2.789,sell,293597826
1750580747787,81.17,0.124,buy,293597827
1750580747804,81.18,0.378,buy,293597828
1750580747819,81.19,0.803,buy,293597829
1750580749864,81.18,24.344,sell,293597830
1750580750732,81.18,1.281,sell,293597831
1750580750744,81.18,0.863,sell,293597832
1750580751401,81.19,0.124,buy,293597833
1750580751702,81.2,0.192,buy,293597834
1750580751705,81.21,1.181,buy,293597835
1750580751898,81.21,0.266,sell,293597836
1750580751902,81.21,0.394,sell,293597837
1750580761161,81.21,8.802,sell,293597838
1750580761277,81.2,3.029,sell,293597839
1750580761286,81.2,2.041,sell,293597840
1750580761320,81.2,0.13,sell,293597841
1750580762297,81.2,0.154,buy,293597842
1750580763033,81.2,2.389,sell,293597843
1750580763042,81.2,1.61,sell,293597844
1750580763341,81.2,1.449,sell,293597845
1750580763342,81.2,2.15,sell,293597846
1750580763639,81.2,1.349,sell,293597847
1750580763642,81.2,0.909,sell,293597848
1750580763929,81.2,0.566,sell,293597849
1750580763930,81.2,0.381,sell,293597850
1750580764023,81.21,0.124,buy,293597851
1750580764182,81.21,0.195,sell,293597852
1750580766295,81.2,7.117,sell,293597853
1750580767443,81.19,2.355,sell,293597854
1750580767455,81.19,1.587,sell,293597855
1750580767696,81.19,1.121,sell,293597856
1750580767741,81.19,0.755,sell,293597857
1750580768184,81.19,2.055,sell,293597858
1750580768192,81.19,1.385,sell,293597859
1750580773601,81.19,6.669,sell,293597860
1750580773603,81.19,0.065,sell,293597861
1750580773683,81.18,1.558,sell,293597862
1750580773712,81.18,2.312,sell,293597863
1750580773865,81.18,0.13,sell,293597864
1750580775440,81.18,4.905,sell,293597865
1750580775448,81.18,3.08,sell,293597866
1750580778552,81.19,0.124,buy,293597867
1750580778633,81.19,2.179,sell,293597868
1750580778640,81.19,1.469,sell,293597869
1750580779475,81.2,0.192,buy,293597870
1750580779555,81.2,6.158,sell,293597871
1750580779562,81.2,3.079,sell,293597872
1750580779701,81.2,27.061,sell,293597873
1750580779836,81.2,0.225,sell,293597874
1750580780252,81.2,5.731,sell,293597875
1750580780254,81.2,3.079,sell,293597876
1750580780639,81.2,0.13,sell,293597877
1750580781091,81.2,0.184,buy,293597878
1750580783573,81.19,1.353,sell,293597879
1750580784195,81.19,0.072,sell,293597880
1750580785724,81.19,12.447,sell,293597881
1750580785773,81.18,0.542,sell,293597882
1750580785792,81.17,3.08,sell,293597883
1750580785794,81.17,2.893,sell,293597884
1750580785861,81.17,0.13,sell,293597885
1750580787911,81.17,0.937,buy,293597886
1750580789156,81.17,0.155,buy,293597887
1750580790159,81.17,0.22,buy,293597888
1750580793283,81.17,1.475,sell,293597889
1750580793293,81.17,2.188,sell,293597890
1750580794127,81.18,0.124,buy,293597891
1750580794242,81.18,3.352,sell,293597892
1750580794262,81.18,3.08,sell,293597893
1750580794487,81.18,1.849,sell,293597894
1750580794535,81.18,2.744,sell,293597895
1750580794719,81.18,0.633,sell,293597896
1750580794832,81.18,1.152,sell,293597897
1750580794858,81.18,4.809,sell,293597898
1750580795232,81.18,4.199,sell,293597899
1750580795241,81.18,3.08,sell,293597900
1750580795541,81.18,2.499,sell,293597901
1750580795543,81.18,3.08,sell,293597902
1750580795786,81.18,1.796,sell,293597903
1750580795794,81.18,1.211,sell,293597904
1750580796041,81.18,0.508,sell,293597905
1750580796042,81.18,0.754,sell,293597906
1750580796505,81.18,0.316,sell,293597907
1750580796633,81.18,1.578,sell,293597908
1750580799955,81.19,0.074,buy,293597909
1750580802901,81.19,0.192,buy,293597910
1750580803033,81.19,3.08,sell,293597911
1750580803040,81.19,3.381,sell,293597912
1750580803269,81.19,2.914,sell,293597913
1750580803345,81.19,1.964,sell,293597914
1750580803517,81.19,3.08,sell,293597915
1750580803642,81.19,1.701,sell,293597916
1750580803832,81.19,2.387,sell,293597917
1750580803899,81.19,1.609,sell,293597918
1750580804095,81.19,0.13,sell,293597919
1750580807401,81.19,0.301,buy,293597920
1750580807505,81.18,0.074,sell,293597921
1750580810853,81.19,0.693,sell,293597922
1750580810857,81.19,1.028,sell,293597923
1750580811140,81.19,0.432,sell,293597924
1750580811141,81.19,0.291,sell,293597925
1750580811440,81.19,1.527,sell,293597926
1750580811442,81.19,2.265,sell,293597927
1750580811552,81.19,0.174,sell,293597928
1750580812134,81.19,0.6,sell,293597929
1750580812141,81.19,0.891,sell,293597930
1750580812506,81.19,0.374,sell,293597931
1750580812508,81.19,0.252,sell,293597932
1750580813709,81.19,1.542,sell,293597933
1750580813717,81.19,2.288,sell,293597934
1750580813958,81.19,0.13,sell,293597935
1750580815541,81.19,1.16,sell,293597936
1750580815543,81.19,1.721,sell,293597937
1750580815940,81.19,0.905,sell,293597938
1750580815943,81.19,1.342,sell,293597939
1750580818192,81.2,0.405,buy,293597940
1750580819128,81.2,0.287,buy,293597941
1750580819206,81.2,5.428,buy,293597942
1750580819206,81.21,1.345,buy,293597943
1750580819334,81.2,3.079,sell,293597944
1750580819340,81.2,2.901,sell,293597945
1750580819598,81.21,0.061,buy,293597946
1750580819608,81.2,2.277,sell,293597947
1750580819611,81.2,0.13,sell,293597948
1750580819636,81.19,1.404,sell,293597949
1750580820280,81.2,1.891,sell,293597950
1750580820280,81.2,2.463,sell,293597951
1750580820306,81.19,0.343,sell,293597952
1750580820878,81.2,0.723,buy,293597953
1750580821740,81.2,2.226,sell,293597954
1750580821750,81.2,1.5,sell,293597955
1750580822023,81.21,0.192,buy,293597956
1750580822258,81.22,0.471,buy,293597957
1750580823446,81.22,1.534,sell,293597958
1750580823455,81.22,2.275,sell,293597959
1750580823721,81.22,0.674,sell,293597960
1750580823729,81.22,1,sell,293597961
1750580824141,81.22,1.83,sell,293597962
1750580824141,81.22,1.233,sell,293597963
1750580824403,81.22,0.362,sell,293597964
1750580824430,81.21,0.186,sell,293597965
1750580824447,81.21,0.813,sell,293597966
1750580825707,81.21,3.446,sell,293597967
1750580826701,81.21,9.705,sell,293597968
1750580826703,81.21,0.065,sell,293597969
1750580826856,81.2,0.449,sell,293597970
1750580826895,81.19,2.879,sell,293597971
1750580826899,81.19,3.079,sell,293597972
1750580829593,81.19,1.483,sell,293597973
1750580829599,81.19,2.201,sell,293597974
1750580829617,81.2,0.384,buy,293597975
1750580830463,81.19,0.669,sell,293597976
1750580830545,81.19,0.992,sell,293597977
1750580830751,81.19,0.281,sell,293597978
1750580830864,81.19,0.319,sell,293597979
1750580831765,81.2,12.943,buy,293597980
1750580836904,81.2,0.369,buy,293597981
1750580836922,81.2,6.157,buy,293597982
1750580839004,81.19,0.729,sell,293597983
1750580839391,81.18,0.44,sell,293597984
1750580843759,81.17,1.802,sell,293597985
1750580843764,81.17,2.674,sell,293597986
1750580844040,81.17,1.168,sell,293597987
1750580844041,81.17,0.787,sell,293597988
1750580844333,81.17,0.318,sell,293597989
1750580844338,81.17,0.472,sell,293597990
1750580844400,81.17,0.569,sell,293597991
1750580846282,81.17,0.165,buy,293597992
1750580846640,81.16,6.676,sell,293597993
1750580847000,81.15,0.517,sell,293597994
1750580847046,81.14,0.854,sell,293597995
1750580847047,81.14,1.266,sell,293597996
1750580847840,81.15,2.124,sell,293597997
1750580847845,81.15,1.431,sell,293597998
1750580848186,81.15,0.195,sell,293597999
1750580849406,81.15,4.546,buy,293598000
1750580850318,81.15,0.52,buy,293598001
1750580851554,81.16,0.217,buy,293598002
1750580851657,81.16,3.081,sell,293598003
1750580851665,81.16,4.959,sell,293598004
1750580851877,81.17,0.124,buy,293598005
1750580856912,81.17,0.114,sell,293598006
1750580858405,81.18,0.124,buy,293598007
1750580858405,81.19,1.057,buy,293598008
1750580858420,81.2,0.124,buy,293598009
1750580858549,81.19,4.76,sell,293598010
1750580858554,81.19,3.08,sell,293598011
1750580859270,81.2,0.686,buy,293598012
1750580861648,81.19,2.225,sell,293598013
1750580861648,81.19,1.499,sell,293598014
1750580861930,81.19,0.979,sell,293598015
1750580861932,81.19,0.66,sell,293598016
1750580862140,81.19,0.195,sell,293598017
1750580863568,81.18,0.384,sell,293598018
1750580863591,81.17,2.1,sell,293598019
1750580863593,81.17,3.08,sell,293598020
1750580867753,81.17,1.485,sell,293598021
1750580867759,81.17,2.203,sell,293598022
1750580868140,81.17,0.638,sell,293598023
1750580868143,81.17,0.947,sell,293598024
1750580868458,81.17,1.21,sell,293598025
1750580869542,81.16,1.529,sell,293598026
1750580869544,81.16,2.268,sell,293598027
1750580870750,81.16,0.672,sell,293598028
1750580870751,81.16,0.997,sell,293598029
1750580871033,81.16,0.419,sell,293598030
1750580871279,81.16,0.787,sell,293598031
1750580871325,81.15,0.273,sell,293598032
1750580871431,81.15,0.309,sell,293598033
1750580871602,81.14,0.451,sell,293598034
1750580875102,81.15,0.499,buy,293598035
1750580876942,81.14,0.289,sell,293598036
1750580877120,81.13,0.248,sell,293598037
1750580878347,81.13,3.018,sell,293598038
1750580878354,81.13,2.034,sell,293598039
1750580878400,81.13,0.13,sell,293598040
1750580881122,81.12,0.517,sell,293598041
1750580882314,81.12,0.389,buy,293598042
1750580883750,81.12,1.331,buy,293598043
1750580885736,81.12,3.082,sell,293598044
1750580885793,81.12,4.883,sell,293598045
1750580886341,81.12,2.182,sell,293598046
1750580886342,81.12,3.082,sell,293598047
1750580887024,81.12,1.458,sell,293598048
1750580887031,81.12,0.983,sell,293598049
1750580887274,81.12,0.413,sell,293598050
1750580887277,81.12,0.612,sell,293598051
1750580887649,81.12,0.288,sell,293598052
1750580888243,81.13,0.088,buy,293598053
1750580889091,81.12,2.755,sell,293598054
1750580889108,81.12,3.082,sell,293598055
1750580889415,81.13,0.124,buy,293598056
1750580889622,81.13,0.267,sell,293598057
1750580889638,81.13,0.396,sell,293598058
1750580889800,81.14,0.124,buy,293598059
1750580892194,81.14,11.551,sell,293598060
1750580892194,81.14,13.174,sell,293598061
1750580892381,81.13,6.163,sell,293598062
1750580892474,81.13,3.082,sell,293598063
1750580892847,81.13,6.163,sell,293598064
1750580892860,81.13,3.082,sell,293598065
1750580895428,81.13,0.26,sell,293598066
1750580896449,81.13,1.232,buy,293598067
1750580896743,81.12,0.36,sell,293598068
1750580896893,81.12,3.041,sell,293598069
1750580900600,81.12,0.222,sell,293598070
1750580901173,81.12,1.535,buy,293598071
1750580902036,81.11,0.124,sell,293598072
1750580902074,81.12,2.023,buy,293598073
1750580903634,81.11,0.292,sell,293598074
1750580905159,81.12,1.99,sell,293598075
1750580905159,81.12,2.952,sell,293598076
1750580905529,81.12,1.239,sell,293598077
1750580905539,81.12,0.835,sell,293598078
1750580906068,81.13,0.124,buy,293598079
1750580906978,81.14,0.124,buy,293598080
1750580906978,81.15,0.279,buy,293598081
1750580907015,81.16,0.778,buy,293598082
1750580907955,81.16,0.171,buy,293598083
1750580911357,81.16,0.496,buy,293598084
1750580913221,81.16,1.002,buy,293598085
1750580916448,81.15,4.896,sell,293598086
1750580917870,81.16,0.225,buy,293598087
1750580918200,81.17,0.192,buy,293598088
1750580918344,81.17,0.676,sell,293598089
1750580918347,81.17,1.002,sell,293598090
1750580919955,81.17,0.104,sell,293598091
1750580919965,81.18,0.834,buy,293598092
1750580920505,81.17,6.288,sell,293598093
1750580920506,81.17,0.065,sell,293598094
1750580920648,81.16,1.469,sell,293598095
1750580920658,81.16,2.18,sell,293598096
1750580921533,81.17,0.346,buy,293598097
1750580922767,81.17,0.123,buy,293598098
1750580923285,81.16,0.184,sell,293598099
1750580927737,81.17,0.275,sell,293598100
1750580927741,81.17,0.407,sell,293598101
1750580927941,81.18,0.192,buy,293598102
1750580928057,81.18,3.08,sell,293598103
1750580928063,81.18,4.143,sell,293598104
1750580928340,81.18,3.08,sell,293598105
1750580928342,81.18,2.108,sell,293598106
1750580928639,81.18,1.353,sell,293598107
1750580928640,81.18,0.912,sell,293598108
1750580929064,81.18,0.383,sell,293598109
1750580929074,81.18,0.568,sell,293598110
1750580929544,81.18,0.296,sell,293598111
1750580929545,81.18,0.439,sell,293598112
1750580930131,81.18,1.888,sell,293598113
1750580932902,81.18,6.447,sell,293598114
1750580933000,81.18,0.13,sell,293598115
1750580933027,81.17,2.235,sell,293598116
1750580933042,81.17,0.13,sell,293598117
1750580933042,81.16,1.376,sell,293598118
1750580934235,81.17,0.438,sell,293598119
1750580934241,81.17,0.295,sell,293598120
1750580934619,81.17,0.788,sell,293598121
1750580934631,81.17,1.169,sell,293598122
1750580934849,81.17,2.126,sell,293598123
1750580934932,81.17,3.08,sell,293598124
1750580935342,81.17,0.91,sell,293598125
1750580935408,81.17,1.157,sell,293598126
1750580936560,81.17,0.756,sell,293598127
1750580936566,81.17,0.51,sell,293598128
1750580936841,81.17,1.384,sell,293598129
1750580936843,81.17,2.053,sell,293598130
1750580937391,81.17,0.581,sell,293598131
1750580937394,81.17,0.862,sell,293598132
1750580937633,81.17,2.362,sell,293598133
1750580937638,81.17,1.592,sell,293598134
1750580937675,81.17,0.195,sell,293598135
1750580945581,81.17,0.184,buy,293598136
1750580946113,81.18,1.181,buy,293598137
1750580950681,81.18,0.124,buy,293598138
1750580950782,81.18,3.08,sell,293598139
1750580950807,81.18,3.519,sell,293598140
1750580950915,81.18,0.192,sell,293598141
1750580950921,81.18,0.991,sell,293598142
1750580951026,81.17,0.49,sell,293598143
1750580951201,81.16,0.449,sell,293598144
1750580953246,81.16,1.503,buy,293598145
1750580954151,81.15,0.183,sell,293598146
1750580955686,81.16,1.026,buy,293598147
1750580957152,81.16,9.303,sell,293598148
1750580957168,81.16,3.081,sell,293598149
1750580960764,81.16,0.26,sell,293598150
1750580963182,81.16,0.209,buy,293598151
1750580964457,81.16,0.449,buy,293598152
1750580966043,81.16,3.081,sell,293598153
1750580966282,81.16,0.791,sell,293598154
1750580966540,81.16,0.606,sell,293598155
1750580969294,81.17,0.127,buy,293598156
1750580969657,81.17,0.124,buy,293598157
1750580969753,81.17,2.224,sell,293598158
1750580970047,81.17,1.647,sell,293598159
1750580970116,81.18,0.192,buy,293598160
1750580972939,81.19,1.774,buy,293598161
1750580975842,81.19,2.728,sell,293598162
1750580976144,81.19,0.436,sell,293598163
1750580976874,81.19,1.676,sell,293598164
1750580977695,81.19,1.095,sell,293598165
1750580978901,81.2,0.192,buy,293598166
1750580983271,81.21,0.231,buy,293598167
1750580985115,81.21,1.041,buy,293598168
1750580989109,81.22,0.135,buy,293598169
1750580989242,81.22,0.057,buy,293598170
1750580989389,81.22,2.588,sell,293598171
1750580989743,81.22,1.909,sell,293598172
1750580990031,81.22,2.078,sell,293598173
1750580990206,81.23,1.997,buy,293598174
1750580990289,81.23,1,buy,293598175
1750580990289,81.22,1.358,sell,293598176
1750580990544,81.22,0.887,sell,293598177
1750580990842,81.22,0.579,sell,293598178
1750580991106,81.22,0.379,sell,293598179
1750580992236,81.23,2.16,sell,293598180
1750580992540,81.23,3.078,sell,293598181
1750580993103,81.24,1.181,buy,293598182
1750580993139,81.23,0.266,sell,293598183
1750580993695,81.24,0.551,buy,293598184
1750580994632,81.25,1.443,buy,293598185
1750580998245,81.25,2.712,sell,293598186
1750580999747,81.26,0.192,buy,293598187
1750581001847,81.27,0.192,buy,293598188
1750581002107,81.27,3.077,sell,293598189
1750581003653,81.28,0.154,buy,293598190
1750581006531,81.27,10.567,sell,293598191
1750581006773,81.26,0.449,sell,293598192
1750581006878,81.26,0.244,buy,293598193
1750581007084,81.25,1.552,sell,293598194
1750581013706,81.26,0.071,buy,293598195
1750581014743,81.27,0.429,buy,293598196
1750581018310,81.28,0.162,buy,293598197
1750581024362,81.29,0.192,buy,293598198
1750581024362,81.3,0.145,buy,293598199
1750581024459,81.29,1.454,sell,293598200
1750581024744,81.29,0.746,sell,293598201
1750581025005,81.29,0.367,sell,293598202
1750581027820,81.29,0.103,sell,293598203
1750581028918,81.29,0.229,sell,293598204
1750581029467,81.29,0.187,sell,293598205
1750581031602,81.3,12.137,buy,293598206
1750581031748,81.3,3.076,sell,293598207
1750581031832,81.3,0.195,sell,293598208
1750581031855,81.3,0.109,buy,293598209
1750581032203,81.3,1.473,buy,293598210
1750581032496,81.3,0.273,buy,293598211
1750581032913,81.31,1.006,buy,293598212
1750581033811,81.31,3.243,buy,293598213
1750581035043,81.31,2.999,sell,293598214
1750581035105,81.31,1.262,sell,293598215
1750581035304,81.31,0.13,sell,293598216
1750581035371,81.3,1.567,sell,293598217
1750581035737,81.31,3.075,sell,293598218
1750581036133,81.31,2.176,sell,293598219
1750581036139,81.31,0.13,sell,293598220
1750581037149,81.31,2.17,sell,293598221
1750581037707,81.32,1.052,buy,293598222
1750581037832,81.31,1.988,sell,293598223
1750581039052,81.31,0.13,sell,293598224
1750581039074,81.31,20.904,buy,293598225
1750581039119,81.31,3.075,sell,293598226
1750581041561,81.32,3.075,sell,293598227
1750581042032,81.32,3.075,sell,293598228
1750581042310,81.32,2.046,sell,293598229
1750581042787,81.32,2.046,sell,293598230
1750581043030,81.32,2.046,sell,293598231
1750581043333,81.32,2.046,sell,293598232
1750581043440,81.32,0.195,sell,293598233
1750581044694,81.31,6.595,sell,293598234
1750581044865,81.3,0.449,sell,293598235
1750581044870,81.3,0.923,buy,293598236
1750581044893,81.29,1.071,sell,293598237
1750581045081,81.29,0.13,sell,293598238
1750581047752,81.28,4.37,sell,293598239
1750581047866,81.27,2.879,sell,293598240
1750581048294,81.27,0.195,sell,293598241
1750581049001,81.26,0.517,sell,293598242
1750581050141,81.26,3.077,sell,293598243
1750581056188,81.26,0.26,sell,293598244
1750581060147,81.25,10.085,sell,293598245
1750581060147,81.25,10.914,sell,293598246
1750581060147,81.25,6.277,sell,293598247
1750581060148,81.25,5.169,sell,293598248
1750581060148,81.25,14.048,sell,293598249
1750581060148,81.25,95.485,sell,293598250
1750581060150,81.25,27.442,sell,293598251
1750581060302,81.24,0.517,sell,293598252
1750581060344,81.23,3.077,sell,293598253
1750581061201,81.23,0.3,sell,293598254
1750581062200,81.23,0.393,sell,293598255
1750581062600,81.22,0.579,sell,293598256
1750581062687,81.22,0.092,buy,293598257
1750581062932,81.21,0.516,sell,293598258
1750581062991,81.22,0.098,buy,293598259
1750581063239,81.21,0.337,sell,293598260
1750581063566,81.21,0.698,sell,293598261
1750581063597,81.2,2.381,sell,293598262
1750581063599,81.2,0.13,sell,293598263
1750581067704,81.19,0.449,sell,293598264
1750581071391,81.18,1.648,sell,293598265
1750581071393,81.18,3.104,sell,293598266
1750581071394,81.18,0.065,sell,293598267
1750581071458,81.17,0.449,sell,293598268
1750581071672,81.17,5,buy,293598269
1750581071674,81.18,16.623,buy,293598270
1750581071674,81.19,4,buy,293598271
1750581074166,81.18,1.424,sell,293598272
1750581079648,81.18,2.18,sell,293598273
1750581079941,81.18,1.424,sell,293598274
1750581080241,81.18,0.931,sell,293598275
1750581080301,81.19,0.123,buy,293598276
1750581080543,81.18,0.608,sell,293598277
1750581081422,81.18,0.397,sell,293598278
1750581081738,81.18,0.259,sell,293598279
1750581083395,81.19,0.528,buy,293598280
1750581085393,81.19,0.115,buy,293598281
1750581086919,81.18,0.213,sell,293598282
1750581086922,81.18,0.13,sell,293598283
1750581087747,81.18,4.754,buy,293598284
1750581088541,81.17,3.08,sell,293598285
1750581088543,81.17,3.527,sell,293598286
1750581088894,81.16,5.996,sell,293598287
1750581088898,81.16,5.996,sell,293598288
1750581088901,81.16,0.13,sell,293598289
1750581089300,81.15,0.517,sell,293598290
1750581089900,81.14,0.579,sell,293598291
1750581089935,81.13,0.335,sell,293598292
1750581090483,81.13,3.082,sell,293598293
1750581091303,81.13,0.329,sell,293598294
1750581091355,81.12,0.579,sell,293598295
1750581091383,81.11,2.503,sell,293598296
1750581091428,81.11,0.195,sell,293598297
1750581092311,81.11,0.16,buy,293598298
1750581092448,81.11,3.083,sell,293598299
1750581093295,81.12,0.207,buy,293598300
1750581096404,81.11,3.083,sell,293598301
1750581096837,81.12,0.123,buy,293598302
1750581096954,81.11,2.534,sell,293598303
1750581096996,81.11,0.195,sell,293598304
1750581096996,81.1,0.439,sell,293598305
1750581097626,81.11,0.204,buy,293598306
1750581098828,81.12,10.508,buy,293598307
1750581098829,81.12,0.959,buy,293598308
1750581098850,81.12,2.398,sell,293598309
1750581098923,81.13,0.093,buy,293598310
1750581100598,81.14,0.5,buy,293598311
1750581100958,81.14,0.968,buy,293598312
1750581101901,81.13,0.733,sell,293598313
1750581101911,81.12,0.319,sell,293598314
1750581101977,81.11,0.255,sell,293598315
1750581106001,81.12,0.213,buy,293598316
1750581106842,81.11,2.366,sell,293598317
1750581107150,81.11,1.62,sell,293598318
1750581107510,81.11,2.25,sell,293598319
1750581107514,81.11,0.195,sell,293598320
1750581107720,81.12,0.124,buy,293598321
1750581108078,81.13,0.124,buy,293598322
1750581108078,81.14,1.48,buy,293598323
1750581108230,81.13,3.082,sell,293598324
1750581109169,81.13,4.004,sell,293598325
1750581111739,81.13,0.664,sell,293598326
1750581112038,81.13,0.432,sell,293598327
1750581112065,81.12,1.646,sell,293598328
1750581112346,81.12,3.082,sell,293598329
1750581112631,81.12,0.195,sell,293598330
1750581112771,81.11,2.181,sell,293598331
1750581113762,81.11,3.75,sell,293598332
1750581114818,81.11,0.32,sell,293598333
1750581116842,81.11,0.512,sell,293598334
