timestamp,price,quantity,side,tradeId
1750536000955,81.01,0.495,sell,293542600
1750536001263,81.02,1.271,buy,293542601
1750536001390,81.01,0.128,sell,293542602
1750536002305,81.02,1.231,buy,293542603
1750536003405,81.02,25.234,buy,293542604
1750536003406,81.02,59.511,buy,293542605
1750536003454,81.03,10.71,buy,293542606
1750536003458,81.03,2.468,sell,293542607
1750536003477,81.03,0.982,sell,293542608
1750536003527,81.04,0.607,buy,293542609
1750536003555,81.04,0.13,buy,293542610
1750536004422,81.05,3.331,buy,293542611
1750536004423,81.05,1.768,buy,293542612
1750536004423,81.05,1.768,buy,293542613
1750536004423,81.05,1.768,buy,293542614
1750536004424,81.05,1.768,buy,293542615
1750536004424,81.05,1.764,buy,293542616
1750536004425,81.05,0.982,buy,293542617
1750536004520,81.06,0.514,buy,293542618
1750536007026,81.06,0.26,buy,293542619
1750536007258,81.07,0.382,buy,293542620
1750536007701,81.06,23.395,sell,293542621
1750536007707,81.06,0.13,sell,293542622
1750536009789,81.05,0.433,sell,293542623
1750536009791,81.05,45.498,sell,293542624
1750536009839,81.04,5.239,sell,293542625
1750536009894,81.04,0.325,sell,293542626
1750536015389,81.04,0.067,sell,293542627
1750536015562,81.04,28.534,sell,293542628
1750536015563,81.04,0.065,sell,293542629
1750536016622,81.03,0.523,sell,293542630
1750536017924,81.03,0.331,buy,293542631
1750536018357,81.03,0.999,buy,293542632
1750536018879,81.03,0.505,buy,293542633
1750536022285,81.03,0.464,buy,293542634
1750536032084,81.03,0.325,buy,293542635
1750536033447,81.04,0.124,buy,293542636
1750536034264,81.04,1.788,buy,293542637
1750536034264,81.04,1.788,buy,293542638
1750536034264,81.04,1.788,buy,293542639
1750536034264,81.04,1.788,buy,293542640
1750536034264,81.04,0.362,buy,293542641
1750536034881,81.05,11.634,buy,293542642
1750536034881,81.05,0.065,buy,293542643
1750536034973,81.06,0.797,buy,293542644
1750536035924,81.05,2.453,sell,293542645
1750536035983,81.05,0.13,sell,293542646
1750536036412,81.04,3.082,sell,293542647
1750536039543,81.05,0.26,buy,293542648
1750536046306,81.06,1.228,buy,293542649
1750536047062,81.06,0.185,buy,293542650
1750536047154,81.06,0.098,buy,293542651
1750536055613,81.06,0.26,buy,293542652
1750536056912,81.07,0.075,buy,293542653
1750536057633,81.07,0.439,buy,293542654
1750536057720,81.07,0.606,sell,293542655
1750536058342,81.08,0.579,buy,293542656
1750536058855,81.09,1.74,buy,293542657
1750536058855,81.09,1.74,buy,293542658
1750536058855,81.09,1.269,buy,293542659
1750536058900,81.1,0.136,buy,293542660
1750536061295,81.1,0.111,buy,293542661
1750536061801,81.09,19.201,sell,293542662
1750536063748,81.09,3.218,buy,293542663
1750536064439,81.08,1.15,sell,293542664
1750536064439,81.08,0.062,sell,293542665
1750536064861,81.08,0.099,buy,293542666
1750536064990,81.07,0.384,sell,293542667
1750536064991,81.07,0.065,sell,293542668
1750536066158,81.06,0.449,sell,293542669
1750536066923,81.05,0.265,sell,293542670
1750536067278,81.05,15.118,sell,293542671
1750536067417,81.05,0.13,sell,293542672
1750536069242,81.05,0.372,buy,293542673
1750536071721,81.05,9.854,buy,293542674
1750536072252,81.05,0.325,buy,293542675
1750536076566,81.06,0.211,buy,293542676
1750536080038,81.06,0.384,buy,293542677
1750536081615,81.07,19.797,buy,293542678
1750536081615,81.07,2.932,buy,293542679
1750536081947,81.08,0.517,buy,293542680
1750536082702,81.09,0.517,buy,293542681
1750536084466,81.1,0.185,buy,293542682
1750536084826,81.1,4.508,buy,293542683
1750536084884,81.11,0.449,buy,293542684
1750536085092,81.12,0.292,buy,293542685
1750536087680,81.12,1.55,buy,293542686
1750536088105,81.12,0.396,buy,293542687
1750536089911,81.12,0.227,buy,293542688
1750536090400,81.12,6.05,buy,293542689
1750536091003,81.12,0.236,buy,293542690
1750536093340,81.12,1.276,buy,293542691
1750536094105,81.11,0.15,sell,293542692
1750536096474,81.11,7.236,sell,293542693
1750536096963,81.09,0.124,sell,293542694
1750536097794,81.08,0.458,sell,293542695
1750536098101,81.07,0.124,sell,293542696
1750536098211,81.06,0.254,sell,293542697
1750536100787,81.06,0.5,buy,293542698
1750536102235,81.07,0.106,buy,293542699
1750536103986,81.07,0.449,buy,293542700
1750536105023,81.08,0.449,buy,293542701
1750536105083,81.09,0.452,buy,293542702
1750536105332,81.09,1.435,buy,293542703
1750536106542,81.1,1.671,buy,293542704
1750536106542,81.1,1.671,buy,293542705
1750536106542,81.1,1.207,buy,293542706
1750536107901,81.11,0.185,buy,293542707
1750536109624,81.11,0.517,buy,293542708
1750536112384,81.12,1.683,buy,293542709
1750536112384,81.12,1.683,buy,293542710
1750536112384,81.12,1.683,buy,293542711
1750536112384,81.12,1.683,buy,293542712
1750536112385,81.12,1.679,buy,293542713
1750536112386,81.12,1.795,buy,293542714
1750536112386,81.12,1.561,buy,293542715
1750536112746,81.12,9.92,sell,293542716
1750536112833,81.13,1.503,buy,293542717
1750536112845,81.13,0.132,sell,293542718
1750536112929,81.13,7.074,sell,293542719
1750536114101,81.13,18.983,sell,293542720
1750536114107,81.13,0.13,sell,293542721
1750536115519,81.12,0.384,sell,293542722
1750536115552,81.12,1,buy,293542723
1750536115602,81.11,0.412,sell,293542724
1750536117405,81.11,0.184,buy,293542725
1750536117611,81.11,0.452,buy,293542726
1750536117966,81.11,0.616,buy,293542727
1750536122267,81.11,69.402,buy,293542728
1750536122353,81.11,1.633,buy,293542729
1750536122353,81.11,0.58,buy,293542730
1750536124341,81.12,0.345,buy,293542731
1750536124411,81.12,0.889,buy,293542732
1750536126593,81.12,0.396,buy,293542733
1750536126863,81.13,0.449,buy,293542734
1750536128139,81.14,0.517,buy,293542735
1750536128406,81.15,0.304,buy,293542736
1750536129367,81.14,0.281,sell,293542737
1750536129592,81.14,0.297,sell,293542738
1750536130922,81.14,0.209,sell,293542739
1750536131881,81.14,24.502,sell,293542740
1750536131882,81.14,0.523,sell,293542741
1750536131883,81.14,0.686,sell,293542742
1750536131895,81.13,0.766,sell,293542743
1750536133587,81.13,0.195,buy,293542744
1750536133587,81.14,2,buy,293542745
1750536133588,81.14,34.325,buy,293542746
1750536134305,81.15,0.099,buy,293542747
1750536135106,81.14,0.16,sell,293542748
1750536135332,81.14,0.247,sell,293542749
1750536136184,81.15,1.808,buy,293542750
1750536137573,81.14,0.443,sell,293542751
1750536137707,81.15,24,buy,293542752
1750536137716,81.14,0.242,sell,293542753
1750536138193,81.15,0.13,buy,293542754
1750536138688,81.15,0.125,sell,293542755
1750536141811,81.16,0.179,buy,293542756
1750536144554,81.16,2.034,buy,293542757
1750536148454,81.16,0.097,buy,293542758
1750536150938,81.16,3.318,buy,293542759
1750536150982,81.16,0.13,buy,293542760
1750536151500,81.17,3.788,buy,293542761
1750536151753,81.17,0.384,buy,293542762
1750536151758,81.16,0.284,sell,293542763
1750536153404,81.17,0.13,buy,293542764
1750536153404,81.18,0.517,buy,293542765
1750536153404,81.19,1.239,buy,293542766
1750536153847,81.18,0.323,sell,293542767
1750536154083,81.18,0.122,sell,293542768
1750536154309,81.18,0.958,sell,293542769
1750536155065,81.18,13.222,sell,293542770
1750536155067,81.18,12.025,sell,293542771
1750536155069,81.18,0.065,sell,293542772
1750536155107,81.17,0.449,sell,293542773
1750536155313,81.17,2.855,buy,293542774
1750536155493,81.16,0.523,sell,293542775
1750536156079,81.15,0.209,sell,293542776
1750536156240,81.15,2.08,sell,293542777
1750536156704,81.14,0.449,sell,293542778
1750536156890,81.13,0.387,sell,293542779
1750536158765,81.13,0.26,buy,293542780
1750536160855,81.13,0.159,sell,293542781
1750536165242,81.14,0.376,buy,293542782
1750536168457,81.14,0.308,buy,293542783
1750536169671,81.13,21.719,sell,293542784
1750536169671,81.13,0.065,sell,293542785
1750536170349,81.12,0.517,sell,293542786
1750536170352,81.11,0.542,sell,293542787
1750536171997,81.11,1.547,buy,293542788
1750536172686,81.11,0.26,buy,293542789
1750536175648,81.11,0.76,sell,293542790
1750536176117,81.1,0.579,sell,293542791
1750536176338,81.09,0.449,sell,293542792
1750536176883,81.08,0.517,sell,293542793
1750536177060,81.07,2.916,sell,293542794
1750536178332,81.07,0.195,buy,293542795
1750536178896,81.08,0.384,buy,293542796
1750536178911,81.08,0.13,buy,293542797
1750536178911,81.09,0.806,buy,293542798
1750536179677,81.09,1,buy,293542799
1750536181068,81.09,0.323,buy,293542800
1750536181640,81.08,0.26,sell,293542801
1750536182840,81.07,0.532,sell,293542802
1750536183185,81.07,3.158,buy,293542803
1750536183218,81.07,0.806,buy,293542804
1750536183348,81.07,0.195,buy,293542805
1750536185170,81.08,0.432,buy,293542806
1750536186769,81.08,0.082,buy,293542807
1750536186769,81.09,0.527,buy,293542808
1750536189843,81.08,0.195,sell,293542809
1750536192216,81.07,0.317,sell,293542810
1750536193465,81.07,1.227,sell,293542811
1750536195912,81.07,1,sell,293542812
1750536195914,81.07,28.792,sell,293542813
1750536196441,81.07,2.392,buy,293542814
1750536197516,81.07,0.26,sell,293542815
1750536198735,81.07,0.409,buy,293542816
1750536199521,81.07,0.061,buy,293542817
1750536202953,81.06,19.119,sell,293542818
1750536202992,81.05,0.517,sell,293542819
1750536203496,81.04,0.152,sell,293542820
1750536205921,81.04,1.012,sell,293542821
1750536207634,81.04,0.26,buy,293542822
1750536207634,81.05,0.335,buy,293542823
1750536207892,81.05,0.449,buy,293542824
1750536207892,81.06,3.051,buy,293542825
1750536210628,81.05,12.698,sell,293542826
1750536210657,81.04,0.384,sell,293542827
1750536210747,81.03,1.128,sell,293542828
1750536211461,81.03,0.495,buy,293542829
1750536211551,81.02,6.687,sell,293542830
1750536211682,81.01,0.517,sell,293542831
1750536211909,81,7.217,sell,293542832
1750536212850,80.99,0.517,sell,293542833
1750536212893,80.99,0.123,buy,293542834
1750536213200,80.98,0.517,sell,293542835
1750536215380,80.97,0.473,sell,293542836
1750536216866,80.96,0.808,sell,293542837
1750536217173,80.96,0.195,buy,293542838
1750536217208,80.97,0.477,buy,293542839
1750536217360,80.98,0.542,buy,293542840
1750536217377,80.99,4.592,buy,293542841
1750536217377,80.99,0.065,buy,293542842
1750536217417,81,0.542,buy,293542843
1750536217529,81.01,1.181,buy,293542844
1750536218303,81,0.245,sell,293542845
1750536218840,81.01,0.327,buy,293542846
1750536219421,81,0.463,sell,293542847
1750536220167,80.99,0.326,sell,293542848
1750536225878,80.99,1.234,buy,293542849
1750536225942,80.99,0.123,buy,293542850
1750536228453,80.99,0.632,buy,293542851
1750536232995,80.99,3,buy,293542852
1750536234808,80.99,0.325,buy,293542853
1750536237615,81,0.493,buy,293542854
1750536237878,81,7.636,buy,293542855
1750536237989,81.01,0.542,buy,293542856
1750536239242,81.02,0.336,buy,293542857
1750536240527,81.01,12.678,sell,293542858
1750536240547,81,0.384,sell,293542859
1750536242046,81,0.26,buy,293542860
1750536242203,81.01,0.712,buy,293542861
1750536242337,81.01,0.518,buy,293542862
1750536242788,81.02,0.172,buy,293542863
1750536243044,81.02,1.027,buy,293542864
1750536243638,81.02,0.325,buy,293542865
1750536243701,81.03,3.261,buy,293542866
1750536247594,81.03,0.183,buy,293542867
1750536250048,81.02,4.59,sell,293542868
1750536250048,81.02,1.95,sell,293542869
1750536250122,81.02,0.802,buy,293542870
1750536253293,81.02,3.433,buy,293542871
1750536255393,81.01,6.757,sell,293542872
1750536256522,81,25.06,sell,293542873
1750536256522,81,0.065,sell,293542874
1750536258800,80.99,0.606,sell,293542875
1750536260623,80.99,0.26,buy,293542876
1750536261043,81,0.449,buy,293542877
1750536261043,81.01,0.732,buy,293542878
1750536261046,81.01,0.13,buy,293542879
1750536263663,81.02,0.449,buy,293542880
1750536267655,81.03,0.11,buy,293542881
1750536267755,81.02,0.089,sell,293542882
1750536268264,81.03,62.87,buy,293542883
1750536268264,81.04,23.514,buy,293542884
1750536268267,81.04,0.068,buy,293542885
1750536268635,81.03,12.122,sell,293542886
1750536268636,81.03,0.065,sell,293542887
1750536270051,81.02,0.069,sell,293542888
1750536270211,81.03,3.702,buy,293542889
1750536271878,81.03,0.26,buy,293542890
1750536273586,81.04,0.443,buy,293542891
1750536273586,81.05,1.941,buy,293542892
1750536276806,81.05,0.412,buy,293542893
1750536277482,81.05,0.263,buy,293542894
1750536278002,81.06,0.61,buy,293542895
1750536278663,81.07,0.062,buy,293542896
1750536280055,81.07,0.099,buy,293542897
1750536280118,81.06,12.332,sell,293542898
1750536280146,81.05,0.412,sell,293542899
1750536280824,81.04,0.319,sell,293542900
1750536280882,81.03,0.347,sell,293542901
1750536284830,81.02,0.96,sell,293542902
1750536284840,81.02,0.063,sell,293542903
1750536284840,81.01,6.489,sell,293542904
1750536284887,81,8.527,sell,293542905
1750536284930,81.01,1.181,buy,293542906
1750536287722,81,12.71,sell,293542907
1750536287737,80.99,12.951,sell,293542908
1750536287758,80.98,1.168,sell,293542909
1750536287810,80.97,0.61,sell,293542910
1750536287913,80.96,0.517,sell,293542911
1750536287972,80.96,1.155,buy,293542912
1750536288125,80.96,16.875,buy,293542913
1750536288138,80.96,33.75,buy,293542914
1750536288142,80.96,16.875,buy,293542915
1750536288192,80.96,21.094,buy,293542916
1750536288198,80.96,2.536,buy,293542917
1750536288245,80.96,10.508,buy,293542918
1750536288247,80.96,0.065,buy,293542919
1750536288545,80.96,3.5,sell,293542920
1750536288794,80.97,17.37,buy,293542921
1750536288794,80.97,0.065,buy,293542922
1750536288888,80.98,25.074,buy,293542923
1750536288888,80.98,0.065,buy,293542924
1750536288927,80.99,4.542,buy,293542925
1750536289102,80.99,23.372,sell,293542926
1750536289895,81,0.449,buy,293542927
1750536290250,81.01,0.384,buy,293542928
1750536290501,81.02,0.308,buy,293542929
1750536291394,81.02,0.271,buy,293542930
1750536291537,81.03,0.449,buy,293542931
1750536292104,81.04,5.196,buy,293542932
1750536292104,81.04,0.065,buy,293542933
1750536292502,81.05,0.39,buy,293542934
1750536293211,81.05,0.124,buy,293542935
1750536293264,81.06,0.517,buy,293542936
1750536294033,81.07,0.517,buy,293542937
1750536294936,81.08,0.155,buy,293542938
1750536295257,81.08,0.362,buy,293542939
1750536298824,81.09,3.59,buy,293542940
1750536298824,81.09,0.059,buy,293542941
1750536298975,81.1,0.517,buy,293542942
1750536300670,81.1,0.274,sell,293542943
1750536301812,81.11,0.449,buy,293542944
1750536301894,81.12,4.946,buy,293542945
1750536302758,81.13,0.449,buy,293542946
1750536303428,81.14,0.517,buy,293542947
1750536303578,81.15,4.661,buy,293542948
1750536307622,81.16,0.517,buy,293542949
1750536312258,81.17,0.369,buy,293542950
1750536314096,81.17,0.275,buy,293542951
1750536314301,81.17,0.09,sell,293542952
1750536315405,81.17,0.457,buy,293542953
1750536315964,81.17,0.195,buy,293542954
1750536316796,81.18,5.152,buy,293542955
1750536316797,81.18,0.065,buy,293542956
1750536316888,81.19,0.517,buy,293542957
1750536317667,81.2,0.49,buy,293542958
1750536319200,81.19,0.833,sell,293542959
1750536319352,81.18,0.124,sell,293542960
1750536320898,81.18,0.195,buy,293542961
1750536321250,81.19,0.449,buy,293542962
1750536323292,81.2,1.233,buy,293542963
1750536324333,81.2,0.195,buy,293542964
1750536326779,81.21,0.37,buy,293542965
1750536328606,81.21,0.615,buy,293542966
1750536328979,81.21,0.768,buy,293542967
1750536331233,81.21,0.26,buy,293542968
1750536331353,81.22,4.312,buy,293542969
1750536333378,81.22,1.122,sell,293542970
1750536333653,81.21,0.124,sell,293542971
1750536334221,81.21,0.098,buy,293542972
1750536334500,81.2,0.798,sell,293542973
1750536334717,81.19,0.304,sell,293542974
1750536335152,81.18,0.124,sell,293542975
1750536335356,81.18,0.258,buy,293542976
1750536336037,81.18,0.481,buy,293542977
1750536337392,81.18,0.195,buy,293542978
1750536337584,81.19,0.146,buy,293542979
1750536344966,81.19,14.27,buy,293542980
1750536350154,81.19,0.195,buy,293542981
1750536350154,81.2,2.809,buy,293542982
1750536350562,81.2,0.449,buy,293542983
1750536350903,81.21,0.449,buy,293542984
1750536351363,81.22,0.449,buy,293542985
1750536351401,81.23,0.878,buy,293542986
1750536352787,81.23,0.26,buy,293542987
1750536354970,81.23,0.195,buy,293542988
1750536354970,81.24,0.256,buy,293542989
1750536355450,81.24,0.615,buy,293542990
1750536355706,81.24,0.274,buy,293542991
1750536356542,81.24,0.246,buy,293542992
1750536356583,81.23,12.768,sell,293542993
1750536358714,81.23,0.195,buy,293542994
1750536360301,81.23,0.18,sell,293542995
1750536362007,81.24,0.074,buy,293542996
1750536363576,81.24,1.423,buy,293542997
1750536363576,81.25,46.485,buy,293542998
1750536363576,81.25,0.13,buy,293542999
1750536363595,81.26,0.069,buy,293543000
1750536363597,81.26,0.417,buy,293543001
1750536366893,81.26,0.134,sell,293543002
1750536369715,81.26,12.673,sell,293543003
1750536369794,81.25,0.093,sell,293543004
1750536369935,81.24,0.062,sell,293543005
1750536369958,81.24,0.794,buy,293543006
1750536372412,81.22,18.595,sell,293543007
1750536373037,81.21,0.192,sell,293543008
1750536374342,81.19,0.317,sell,293543009
1750536374342,81.18,3.683,sell,293543010
1750536374342,81.18,38.01,sell,293543011
1750536374342,81.17,26.323,sell,293543012
1750536374345,81.16,0.068,sell,293543013
1750536374546,81.17,20.13,buy,293543014
1750536374547,81.17,0.065,buy,293543015
1750536374567,81.18,0.319,buy,293543016
1750536374655,81.18,0.234,sell,293543017
1750536374794,81.19,0.384,buy,293543018
1750536376234,81.19,0.062,sell,293543019
1750536376367,81.18,0.186,sell,293543020
1750536378581,81.18,0.358,buy,293543021
1750536379084,81.18,0.752,buy,293543022
1750536379551,81.18,36.268,buy,293543023
1750536379551,81.19,138.868,buy,293543024
1750536379736,81.2,1.477,buy,293543025
1750536380883,81.2,0.516,buy,293543026
1750536381687,81.2,0.449,buy,293543027
1750536382621,81.21,3.649,buy,293543028
1750536383195,81.22,0.061,buy,293543029
1750536383344,81.22,0.518,buy,293543030
1750536383707,81.23,0.449,buy,293543031
1750536385194,81.23,0.185,sell,293543032
1750536386890,81.24,4.224,buy,293543033
1750536387114,81.25,0.449,buy,293543034
1750536387353,81.26,0.449,buy,293543035
1750536388355,81.27,0.104,buy,293543036
1750536389026,81.27,0.413,buy,293543037
1750536391022,81.28,23.742,buy,293543038
1750536391022,81.29,0.864,buy,293543039
1750536391397,81.27,0.367,sell,293543040
1750536391673,81.26,6.275,sell,293543041
1750536391703,81.25,0.217,sell,293543042
1750536393396,81.25,0.739,buy,293543043
1750536393962,81.25,0.325,buy,293543044
1750536397168,81.25,9.12,sell,293543045
1750536398843,81.25,0.512,buy,293543046
1750536399473,81.24,0.278,sell,293543047
1750536400702,81.22,0.236,sell,293543048
1750536403001,81.22,0.325,buy,293543049
1750536406064,81.22,0.216,sell,293543050
1750536406202,81.2,0.347,sell,293543051
1750536406363,81.2,0.195,buy,293543052
1750536407702,81.2,0.385,sell,293543053
1750536410930,81.19,20.413,sell,293543054
1750536410983,81.18,0.254,sell,293543055
1750536411139,81.17,1.206,sell,293543056
1750536411727,81.18,12.252,buy,293543057
1750536411727,81.19,15.767,buy,293543058
1750536412468,81.18,8.569,buy,293543059
1750536412765,81.17,0.192,sell,293543060
1750536412892,81.17,0.195,buy,293543061
1750536416399,81.18,0.229,buy,293543062
1750536416427,81.17,0.53,sell,293543063
1750536416781,81.18,0.195,buy,293543064
1750536417052,81.19,0.449,buy,293543065
1750536419205,81.18,0.574,buy,293543066
1750536419847,81.17,0.124,sell,293543067
1750536419981,81.16,0.254,sell,293543068
1750536421998,81.16,0.505,buy,293543069
1750536422633,81.15,0.295,sell,293543070
1750536422728,81.14,2.089,sell,293543071
1750536423902,81.14,0.907,buy,293543072
1750536424203,81.14,0.373,buy,293543073
1750536424713,81.13,0.79,sell,293543074
1750536424737,81.12,0.254,sell,293543075
1750536427923,81.12,9.831,buy,293543076
1750536427923,81.12,0.065,buy,293543077
1750536427925,81.13,0.449,buy,293543078
1750536430055,81.14,0.39,buy,293543079
1750536430057,81.14,0.059,buy,293543080
1750536430079,81.15,0.449,buy,293543081
1750536432135,81.16,0.309,buy,293543082
1750536432985,81.16,0.379,buy,293543083
1750536434760,81.16,9.671,buy,293543084
1750536434774,81.17,0.449,buy,293543085
1750536434846,81.18,4.857,buy,293543086
1750536435748,81.19,1.127,buy,293543087
1750536438563,81.19,8.834,buy,293543088
1750536438565,81.2,0.449,buy,293543089
1750536439482,81.21,0.449,buy,293543090
1750536441143,81.22,0.956,buy,293543091
1750536445395,81.22,0.325,buy,293543092
1750536445395,81.23,0.018,buy,293543093
1750536446207,81.23,0.325,buy,293543094
1750536449696,81.24,0.449,buy,293543095
1750536449822,81.25,0.449,buy,293543096
1750536450761,81.25,0.184,sell,293543097
1750536453550,81.25,11.369,sell,293543098
1750536454248,81.26,0.472,buy,293543099
1750536454249,81.26,0.045,buy,293543100
1750536457799,81.26,10.575,sell,293543101
1750536457874,81.25,0.56,sell,293543102
1750536458002,81.24,0.267,sell,293543103
1750536460703,81.23,0.253,sell,293543104
1750536461758,81.23,0.219,buy,293543105
1750536462379,81.23,0.767,buy,293543106
1750536462716,81.22,0.124,sell,293543107
1750536463142,81.22,0.101,buy,293543108
1750536463613,81.22,0.283,buy,293543109
1750536463768,81.22,6,buy,293543110
1750536466477,81.22,0.26,buy,293543111
1750536469559,81.21,0.2,sell,293543112
1750536472034,81.2,0.192,sell,293543113
1750536472034,81.19,0.116,sell,293543114
1750536473217,81.2,0.26,buy,293543115
1750536475493,81.2,1.827,sell,293543116
1750536479820,81.19,0.124,sell,293543117
1750536481193,81.19,0.184,buy,293543118
1750536484063,81.18,0.978,sell,293543119
1750536484142,81.17,0.285,sell,293543120
1750536484941,81.17,0.26,buy,293543121
1750536487445,81.18,0.449,buy,293543122
1750536487445,81.19,0.237,buy,293543123
1750536489455,81.19,0.774,buy,293543124
1750536490129,81.18,6.158,sell,293543125
1750536490142,81.17,0.322,sell,293543126
1750536490435,81.16,0.192,sell,293543127
1750536490661,81.15,0.192,sell,293543128
1750536491070,81.14,0.068,sell,293543129
1750536491124,81.13,0.124,sell,293543130
1750536491560,81.12,0.192,sell,293543131
1750536491908,81.12,0.675,buy,293543132
1750536491958,81.12,3.272,buy,293543133
1750536492069,81.11,12.452,sell,293543134
1750536492070,81.1,0.254,sell,293543135
1750536494181,81.09,0.277,sell,293543136
1750536494183,81.08,0.347,sell,293543137
1750536497412,81.07,0.124,sell,293543138
1750536497414,81.06,0.192,sell,293543139
1750536497812,81.06,0.26,buy,293543140
1750536498909,81.07,4.89,buy,293543141
1750536498909,81.07,0.057,buy,293543142
1750536498983,81.08,0.604,buy,293543143
1750536499107,81.09,0.449,buy,293543144
1750536499376,81.09,0.671,sell,293543145
1750536500105,81.09,0.07,sell,293543146
1750536500500,81.08,0.74,sell,293543147
1750536503146,81.07,4.331,buy,293543148
1750536505218,81.06,0.124,sell,293543149
1750536506315,81.06,1.222,buy,293543150
1750536506318,81.06,0.13,buy,293543151
1750536506680,81.07,0.39,buy,293543152
1750536506681,81.07,0.059,buy,293543153
1750536506824,81.08,0.449,buy,293543154
1750536507855,81.09,0.076,buy,293543155
1750536510132,81.07,0.124,sell,293543156
1750536512975,81.06,0.064,sell,293543157
1750536514468,81.07,0.13,buy,293543158
1750536514469,81.07,0.065,buy,293543159
1750536514498,81.08,0.511,buy,293543160
1750536514604,81.09,4.272,buy,293543161
1750536514639,81.09,0.13,buy,293543162
1750536515818,81.09,0.511,sell,293543163
1750536516714,81.1,0.765,buy,293543164
1750536518640,81.1,0.13,buy,293543165
1750536518758,81.11,0.449,buy,293543166
1750536518977,81.12,0.579,buy,293543167
1750536519027,81.13,0.449,buy,293543168
1750536519836,81.13,2.634,sell,293543169
1750536520684,81.13,0.578,sell,293543170
1750536520688,81.12,6.286,sell,293543171
1750536520697,81.12,0.121,buy,293543172
1750536520778,81.11,0.093,sell,293543173
1750536521879,81.1,0.426,sell,293543174
1750536524241,81.11,0.492,buy,293543175
1750536524270,81.12,0.449,buy,293543176
1750536525584,81.12,6.162,sell,293543177
1750536525584,81.11,33.917,sell,293543178
1750536525584,81.1,4,sell,293543179
1750536525584,81.1,20.186,sell,293543180
1750536525585,81.09,0.667,sell,293543181
1750536525586,81.09,1.279,sell,293543182
1750536525586,81.09,14.415,sell,293543183
1750536525590,81.09,6.167,sell,293543184
1750536525592,81.09,36.379,sell,293543185
1750536526690,81.08,0.124,sell,293543186
1750536526772,81.07,0.31,sell,293543187
1750536526814,81.06,0.192,sell,293543188
1750536529284,81.05,0.165,sell,293543189
1750536533165,81.05,0.325,buy,293543190
1750536539440,81.06,3.005,buy,293543191
1750536539476,81.07,0.449,buy,293543192
1750536539634,81.08,0.39,buy,293543193
1750536539677,81.08,0.124,buy,293543194
1750536539725,81.09,0.449,buy,293543195
1750536540715,81.09,0.502,buy,293543196
1750536544982,81.09,0.26,buy,293543197
1750536545226,81.1,0.452,buy,293543198
1750536547312,81.1,0.498,buy,293543199
1750536547835,81.1,7.241,buy,293543200
1750536547845,81.11,0.449,buy,293543201
1750536550780,81.11,0.193,sell,293543202
1750536551442,81.12,0.618,buy,293543203
1750536551944,81.11,7.397,sell,293543204
1750536551946,81.1,0.124,sell,293543205
1750536552465,81.09,11.374,sell,293543206
1750536553575,81.09,0.26,buy,293543207
1750536559379,81.09,21.135,sell,293543208
1750536559748,81.1,0.256,buy,293543209
1750536559984,81.1,1.093,buy,293543210
1750536560615,81.11,0.449,buy,293543211
1750536560780,81.12,0.452,buy,293543212
1750536572145,81.12,0.393,buy,293543213
1750536573830,81.13,0.144,buy,293543214
1750536578592,81.13,0.435,buy,293543215
1750536583102,81.13,7.51,sell,293543216
1750536583116,81.12,0.217,sell,293543217
1750536583221,81.12,0.308,buy,293543218
1750536592285,81.12,0.127,buy,293543219
1750536593018,81.11,0.194,sell,293543220
1750536593821,81.11,0.195,buy,293543221
1750536593821,81.12,0.791,buy,293543222
1750536596889,81.12,0.426,buy,293543223
1750536598040,81.12,31.779,sell,293543224
1750536598043,81.12,3.126,sell,293543225
1750536598046,81.12,2.601,buy,293543226
1750536598981,81.12,0.195,buy,293543227
1750536602718,81.13,0.152,buy,293543228
1750536603779,81.13,0.455,buy,293543229
1750536603797,81.14,0.616,buy,293543230
1750536604818,81.14,1.054,buy,293543231
1750536605081,81.14,27.777,buy,293543232
1750536605081,81.14,0.065,buy,293543233
1750536605940,81.15,0.452,buy,293543234
1750536605942,81.15,0.065,buy,293543235
1750536607783,81.16,0.517,buy,293543236
1750536608557,81.17,2.335,buy,293543237
1750536609732,81.18,0.455,buy,293543238
1750536611395,81.19,0.517,buy,293543239
1750536612792,81.2,0.259,buy,293543240
1750536615284,81.19,0.322,sell,293543241
1750536619111,81.18,1.035,sell,293543242
1750536619116,81.17,0.124,sell,293543243
1750536619327,81.17,0.26,buy,293543244
1750536622082,81.18,0.07,buy,293543245
1750536623102,81.18,0.335,buy,293543246
1750536625124,81.18,0.548,buy,293543247
1750536631421,81.18,4.436,sell,293543248
1750536631483,81.17,0.367,sell,293543249
1750536631660,81.17,15.882,buy,293543250
1750536631664,81.18,27.016,buy,293543251
1750536631665,81.18,33.577,buy,293543252
1750536631675,81.19,1.835,buy,293543253
1750536631677,81.2,26.772,buy,293543254
1750536631742,81.19,48.68,sell,293543255
1750536631753,81.2,16.803,buy,293543256
1750536631755,81.2,5.583,buy,293543257
1750536631766,81.2,5.583,buy,293543258
1750536631788,81.2,45.105,buy,293543259
1750536632029,81.21,0.125,buy,293543260
1750536632541,81.21,2.407,buy,293543261
1750536632541,81.21,2.407,buy,293543262
1750536632543,81.21,0.065,buy,293543263
1750536632547,81.22,11.637,buy,293543264
1750536633155,81.23,0.187,buy,293543265
1750536633762,81.23,0.393,buy,293543266
1750536634362,81.24,0.514,buy,293543267
1750536634571,81.24,0.13,buy,293543268
1750536634571,81.25,0.449,buy,293543269
1750536636113,81.26,2.634,buy,293543270
1750536637671,81.25,6.623,sell,293543271
1750536638962,81.25,0.195,buy,293543272
1750536639141,81.26,0.624,buy,293543273
1750536640902,81.26,0.171,buy,293543274
1750536640967,81.26,0.838,buy,293543275
1750536641948,81.25,1.338,sell,293543276
1750536643231,81.24,6.674,sell,293543277
1750536643277,81.23,0.31,sell,293543278
1750536644955,81.22,0.093,sell,293543279
1750536646385,81.23,0.325,buy,293543280
1750536649236,81.24,0.087,buy,293543281
1750536649416,81.24,0.307,buy,293543282
1750536650721,81.24,0.325,buy,293543283
1750536651123,81.25,0.449,buy,293543284
1750536651654,81.26,0.2,buy,293543285
1750536655777,81.26,0.089,buy,293543286
1750536660136,81.26,0.301,buy,293543287
1750536660136,81.27,0.128,buy,293543288
1750536661432,81.27,0.325,buy,293543289
1750536663916,81.27,6.926,sell,293543290
1750536665822,81.27,1,buy,293543291
1750536667511,81.27,0.369,buy,293543292
1750536668280,81.26,0.244,sell,293543293
1750536671191,81.25,15,sell,293543294
1750536672882,81.26,0.32,buy,293543295
1750536672960,81.26,0.603,buy,293543296
1750536676235,81.26,1.059,buy,293543297
1750536679100,81.26,0.342,buy,293543298
1750536681669,81.26,0.34,buy,293543299
1750536682051,81.27,0.542,buy,293543300
1750536682748,81.28,0.283,buy,293543301
1750536683646,81.27,18.585,sell,293543302
1750536683649,81.26,15.313,sell,293543303
1750536684375,81.26,0.26,buy,293543304
1750536684862,81.27,0.449,buy,293543305
1750536684878,81.28,1.82,buy,293543306
1750536686116,81.28,0.384,buy,293543307
1750536686678,81.29,0.061,buy,293543308
1750536687687,81.28,0.44,sell,293543309
1750536687711,81.27,0.217,sell,293543310
1750536689629,81.27,0.448,buy,293543311
1750536698422,81.28,0.325,buy,293543312
1750536698653,81.29,0.601,buy,293543313
1750536699201,81.29,0.356,buy,293543314
1750536702205,81.29,0.71,buy,293543315
1750536702239,81.28,0.321,sell,293543316
1750536702733,81.29,0.26,buy,293543317
1750536702843,81.29,0.528,sell,293543318
1750536703093,81.29,0.522,sell,293543319
1750536703340,81.29,0.56,sell,293543320
1750536703383,81.29,0.174,sell,293543321
1750536703549,81.3,0.48,buy,293543322
1750536703581,81.29,0.511,sell,293543323
1750536703680,81.29,0.123,sell,293543324
1750536704498,81.29,4.537,sell,293543325
1750536705054,81.28,6.427,sell,293543326
1750536705057,81.27,0.192,sell,293543327
1750536705333,81.27,0.295,buy,293543328
1750536705434,81.27,0.369,buy,293543329
1750536705435,81.27,0.184,buy,293543330
1750536705712,81.26,4.17,sell,293543331
1750536705972,81.25,0.57,sell,293543332
1750536706033,81.24,0.347,sell,293543333
1750536706431,81.23,0.296,sell,293543334
1750536706691,81.23,0.293,sell,293543335
1750536707032,81.23,0.29,sell,293543336
1750536707038,81.24,0.277,buy,293543337
1750536707149,81.23,2.73,sell,293543338
1750536707329,81.23,0.26,sell,293543339
1750536707574,81.23,0.258,sell,293543340
1750536707841,81.23,0.255,sell,293543341
1750536708281,81.23,0.253,sell,293543342
1750536708466,81.23,12.961,sell,293543343
1750536708633,81.23,20.26,buy,293543344
1750536708743,81.23,0.724,sell,293543345
1750536708801,81.24,0.449,buy,293543346
1750536709032,81.24,0.351,sell,293543347
1750536709310,81.24,0.347,sell,293543348
1750536709740,81.24,0.322,sell,293543349
1750536709998,81.24,0.38,sell,293543350
1750536710229,81.24,0.376,sell,293543351
1750536710279,81.25,0.123,buy,293543352
1750536710501,81.24,0.373,sell,293543353
1750536710603,81.24,6.153,sell,293543354
1750536711000,81.24,0.26,buy,293543355
1750536711041,81.24,0.383,sell,293543356
1750536712194,81.24,0.436,sell,293543357
1750536712749,81.24,1.662,sell,293543358
1750536712765,81.24,0.121,sell,293543359
1750536715024,81.24,5.219,sell,293543360
1750536715083,81.24,0.7,sell,293543361
1750536715342,81.24,0.339,sell,293543362
1750536715642,81.24,0.293,sell,293543363
1750536715915,81.24,0.291,sell,293543364
1750536716893,81.24,0.19,sell,293543365
1750536717260,81.24,0.216,sell,293543366
1750536717791,81.24,0.453,sell,293543367
1750536718385,81.23,6.277,sell,293543368
1750536718711,81.23,0.26,buy,293543369
1750536718844,81.23,0.828,sell,293543370
1750536720806,81.24,0.449,buy,293543371
1750536720821,81.25,0.542,buy,293543372
1750536720980,81.26,0.449,buy,293543373
1750536721042,81.26,0.286,sell,293543374
1750536721453,81.26,0.388,sell,293543375
1750536721736,81.26,0.366,sell,293543376
1750536722479,81.25,0.124,sell,293543377
1750536723106,81.25,0.174,sell,293543378
1750536723729,81.25,0.771,buy,293543379
1750536724839,81.24,0.296,sell,293543380
1750536727055,81.23,20.022,sell,293543381
1750536727137,81.23,0.136,sell,293543382
1750536727418,81.24,0.263,buy,293543383
1750536729063,81.24,0.195,buy,293543384
1750536729159,81.24,0.736,sell,293543385
1750536729435,81.24,0.461,sell,293543386
1750536729620,81.24,3,sell,293543387
1750536730566,81.24,0.378,sell,293543388
1750536730862,81.24,0.374,sell,293543389
1750536731155,81.24,0.37,sell,293543390
1750536732591,81.24,0.367,sell,293543391
1750536732850,81.24,0.407,sell,293543392
1750536734108,81.24,0.372,sell,293543393
1750536734543,81.24,0.379,sell,293543394
1750536735290,81.24,1.637,sell,293543395
1750536736575,81.24,3.955,sell,293543396
1750536736719,81.23,0.192,sell,293543397
1750536738558,81.22,0.139,sell,293543398
1750536739341,81.22,0.17,sell,293543399
1750536739479,81.23,1.028,buy,293543400
1750536742974,81.23,0.26,buy,293543401
1750536743038,81.23,0.464,sell,293543402
1750536743255,81.24,1.46,buy,293543403
1750536743335,81.24,0.695,sell,293543404
1750536743888,81.25,0.735,buy,293543405
1750536743894,81.25,0.13,buy,293543406
1750536743992,81.26,0.152,buy,293543407
1750536747166,81.26,0.125,buy,293543408
1750536747493,81.26,0.393,buy,293543409
1750536748555,81.27,0.111,buy,293543410
1750536748619,81.26,0.708,sell,293543411
1750536750572,81.26,6.152,sell,293543412
1750536751284,81.25,0.112,sell,293543413
1750536751548,81.25,0.366,sell,293543414
1750536751554,81.24,4.347,sell,293543415
1750536752332,81.23,0.388,sell,293543416
1750536752492,81.23,38.367,sell,293543417
1750536752492,81.22,23.186,sell,293543418
1750536752742,81.22,13.788,sell,293543419
1750536756293,81.23,0.225,buy,293543420
1750536756872,81.22,0.082,sell,293543421
1750536757075,81.21,0.192,sell,293543422
1750536759642,81.21,0.52,buy,293543423
1750536761142,81.2,0.777,sell,293543424
1750536761144,81.2,42.572,sell,293543425
1750536762130,81.19,0.321,sell,293543426
1750536762130,81.18,0.232,sell,293543427
1750536763132,81.19,0.316,buy,293543428
1750536763541,81.2,0.319,buy,293543429
1750536763543,81.2,0.065,buy,293543430
1750536763590,81.21,0.449,buy,293543431
1750536763647,81.21,0.491,sell,293543432
1750536764518,81.22,0.449,buy,293543433
1750536764520,81.23,0.449,buy,293543434
1750536770303,81.23,1.4,sell,293543435
1750536772118,81.23,24.427,sell,293543436
1750536772126,81.23,17.719,sell,293543437
1750536772837,81.23,0.279,buy,293543438
1750536774897,81.23,2.462,buy,293543439
1750536780486,81.23,0.325,buy,293543440
1750536780647,81.24,0.859,buy,293543441
1750536780970,81.24,0.13,buy,293543442
1750536780970,81.25,1.051,buy,293543443
1750536781057,81.24,0.759,sell,293543444
1750536781283,81.25,0.13,buy,293543445
1750536781384,81.25,0.615,sell,293543446
1750536781496,81.25,0.474,sell,293543447
1750536784434,81.25,0.502,sell,293543448
1750536784504,81.25,0.702,sell,293543449
1750536786766,81.26,1.37,buy,293543450
1750536787299,81.26,0.75,buy,293543451
1750536787304,81.25,2.45,sell,293543452
1750536791550,81.26,0.652,buy,293543453
1750536792901,81.26,0.695,buy,293543454
1750536795955,81.26,0.347,buy,293543455
1750536796020,81.27,1.192,buy,293543456
1750536797270,81.27,1.461,buy,293543457
1750536797550,81.26,0.339,sell,293543458
1750536799017,81.27,0.195,buy,293543459
1750536799024,81.28,17.653,buy,293543460
1750536799032,81.28,0.195,buy,293543461
1750536799039,81.29,0.072,buy,293543462
1750536799127,81.29,2.373,buy,293543463
1750536800863,81.29,0.195,buy,293543464
1750536800878,81.3,1.172,buy,293543465
1750536803697,81.29,6.312,sell,293543466
1750536803745,81.28,4.796,sell,293543467
1750536803815,81.27,0.217,sell,293543468
1750536803829,81.27,0.768,buy,293543469
1750536804009,81.26,18.612,sell,293543470
1750536804702,81.25,0.124,sell,293543471
1750536807094,81.25,0.195,buy,293543472
1750536807889,81.26,1.279,buy,293543473
1750536808950,81.25,0.37,sell,293543474
1750536818549,81.26,0.327,buy,293543475
1750536818579,81.27,0.449,buy,293543476
1750536820075,81.28,0.517,buy,293543477
1750536821254,81.28,0.878,sell,293543478
1750536823779,81.28,9.84,sell,293543479
1750536823902,81.29,0.237,buy,293543480
1750536828443,81.29,0.277,buy,293543481
1750536829121,81.29,2.313,sell,293543482
1750536830040,81.3,0.258,buy,293543483
1750536830206,81.3,2.293,buy,293543484
1750536832656,81.29,0.369,sell,293543485
1750536832699,81.3,0.195,buy,293543486
1750536833193,81.31,0.517,buy,293543487
1750536835195,81.31,0.72,sell,293543488
1750536836644,81.32,0.581,buy,293543489
1750536836644,81.33,0.321,buy,293543490
1750536838213,81.33,0.57,buy,293543491
1750536841533,81.33,1.743,buy,293543492
1750536843065,81.33,0.13,buy,293543493
1750536843176,81.33,0.59,sell,293543494
1750536843254,81.34,0.201,buy,293543495
1750536843418,81.34,1.116,buy,293543496
1750536844077,81.34,0.815,buy,293543497
1750536846620,81.34,0.195,buy,293543498
1750536846750,81.34,0.437,sell,293543499
1750536846979,81.34,0.254,sell,293543500
1750536847035,81.35,0.137,buy,293543501
1750536847184,81.35,0.834,buy,293543502
1750536850204,81.35,5.271,sell,293543503
1750536851512,81.35,0.507,sell,293543504
1750536851986,81.35,7.619,sell,293543505
1750536851992,81.34,0.124,sell,293543506
1750536852941,81.34,0.278,buy,293543507
1750536853743,81.34,0.42,buy,293543508
1750536855387,81.34,1.774,sell,293543509
1750536857579,81.35,5.371,buy,293543510
1750536858427,81.35,0.13,buy,293543511
1750536858544,81.35,0.546,sell,293543512
1750536863711,81.35,0.065,sell,293543513
1750536864638,81.35,4.885,buy,293543514
1750536864653,81.35,0.864,buy,293543515
1750536867379,81.35,4.517,buy,293543516
1750536868455,81.35,0.077,buy,293543517
1750536868623,81.34,0.207,sell,293543518
1750536872491,81.34,0.195,buy,293543519
1750536872540,81.34,0.777,sell,293543520
1750536878132,81.34,0.306,sell,293543521
1750536879481,81.34,0.308,sell,293543522
1750536880516,81.34,0.614,sell,293543523
1750536883588,81.33,3.106,sell,293543524
1750536883932,81.33,0.615,sell,293543525
1750536887506,81.33,0.999,sell,293543526
1750536888943,81.34,0.083,buy,293543527
1750536889642,81.33,1.292,sell,293543528
1750536898781,81.34,0.135,buy,293543529
1750536902242,81.33,0.92,sell,293543530
1750536902341,81.32,0.347,sell,293543531
1750536906073,81.31,0.07,sell,293543532
1750536909095,81.32,0.095,buy,293543533
1750536909969,81.31,15.653,sell,293543534
1750536910048,81.3,6.495,sell,293543535
1750536910333,81.3,0.195,buy,293543536
1750536910449,81.3,0.786,sell,293543537
1750536913443,81.3,0.616,sell,293543538
1750536919119,81.3,4.413,buy,293543539
1750536920477,81.3,0.259,sell,293543540
1750536921927,81.31,0.449,buy,293543541
1750536925940,81.31,0.123,sell,293543542
1750536926951,81.31,0.262,sell,293543543
1750536931594,81.31,0.259,sell,293543544
1750536932167,81.32,1.03,buy,293543545
1750536938470,81.31,2.935,sell,293543546
1750536943932,81.31,0.061,sell,293543547
1750536945486,81.31,5.883,sell,293543548
1750536945495,81.3,0.217,sell,293543549
1750536946422,81.29,15.192,sell,293543550
1750536946436,81.28,0.347,sell,293543551
1750536946603,81.27,0.359,sell,293543552
1750536947288,81.27,0.299,sell,293543553
1750536948211,81.27,0.305,sell,293543554
1750536949391,81.28,0.403,buy,293543555
1750536963067,81.28,1.437,sell,293543556
1750536963149,81.27,0.432,sell,293543557
1750536963151,81.27,42.634,sell,293543558
1750536963201,81.27,59.183,buy,293543559
1750536963689,81.26,0.406,sell,293543560
1750536963755,81.25,0.285,sell,293543561
1750536963891,81.25,0.757,buy,293543562
1750536963997,81.24,0.436,sell,293543563
1750536964068,81.23,0.254,sell,293543564
1750536964890,81.22,0.192,sell,293543565
1750536965260,81.21,0.804,sell,293543566
1750536965283,81.2,0.347,sell,293543567
1750536965288,81.2,0.37,buy,293543568
1750536965769,81.19,0.192,sell,293543569
1750536966767,81.19,17.512,buy,293543570
1750536967629,81.18,0.192,sell,293543571
1750536969682,81.17,11.25,sell,293543572
1750536969772,81.16,11.597,sell,293543573
1750536969772,81.15,13.009,sell,293543574
1750536969774,81.15,0.068,sell,293543575
1750536969866,81.16,0.195,buy,293543576
1750536970583,81.17,14.787,buy,293543577
1750536971252,81.16,0.195,buy,293543578
1750536971276,81.17,3.696,buy,293543579
1750536972559,81.17,0.449,buy,293543580
1750536972622,81.18,0.384,buy,293543581
1750536972624,81.18,0.065,buy,293543582
1750536973569,81.19,0.449,buy,293543583
1750536975541,81.2,0.197,buy,293543584
1750536975664,81.2,0.317,buy,293543585
1750536979918,81.2,0.308,buy,293543586
1750536980018,81.2,2.687,buy,293543587
1750536981640,81.19,0.305,sell,293543588
1750536985542,81.19,0.185,sell,293543589
1750536991754,81.2,0.316,buy,293543590
1750536992181,81.2,1.217,buy,293543591
1750536992197,81.21,0.449,buy,293543592
1750536992252,81.22,0.732,buy,293543593
1750536992424,81.22,0.511,buy,293543594
1750536992574,81.22,0.678,sell,293543595
1750536992810,81.23,5.695,buy,293543596
1750536994313,81.23,11.706,buy,293543597
1750536994315,81.23,15.127,buy,293543598
1750536994315,81.23,36.257,buy,293543599
1750536994316,81.23,6.236,buy,293543600
1750536994317,81.23,8.101,buy,293543601
1750536994317,81.23,0.065,buy,293543602
1750536994867,81.24,0.517,buy,293543603
1750536995129,81.25,0.449,buy,293543604
1750536995503,81.26,0.579,buy,293543605
1750536995503,81.27,0.029,buy,293543606
1750536996822,81.26,0.562,sell,293543607
1750536996822,81.26,0.564,sell,293543608
1750536996822,81.26,0.552,sell,293543609
1750536997391,81.26,1.56,buy,293543610
1750536999113,81.26,0.303,buy,293543611
1750536999755,81.26,0.26,buy,293543612
1750537000954,81.26,0.175,sell,293543613
1750537001718,81.27,1.925,buy,293543614
1750537001722,81.27,0.13,buy,293543615
1750537001883,81.28,0.579,buy,293543616
1750537002671,81.29,0.449,buy,293543617
1750537002796,81.3,0.308,buy,293543618
1750537004152,81.3,15.282,buy,293543619
1750537004906,81.3,0.677,buy,293543620
1750537007442,81.3,0.279,sell,293543621
1750537014325,81.3,1.6,sell,293543622
1750537016736,81.3,1.357,sell,293543623
1750537017009,81.3,0.48,buy,293543624
1750537017132,81.29,0.378,sell,293543625
1750537017649,81.28,0.124,sell,293543626
1750537017955,81.27,0.101,sell,293543627
1750537019287,81.27,0.023,sell,293543628
1750537019562,81.26,0.251,sell,293543629
1750537019729,81.27,18.374,buy,293543630
1750537025101,81.27,0.479,buy,293543631
1750537027120,81.27,0.365,buy,293543632
1750537028889,81.27,10.871,sell,293543633
1750537030635,81.26,15,sell,293543634
1750537030638,81.25,0.217,sell,293543635
1750537030772,81.25,0.753,buy,293543636
1750537030872,81.24,0.192,sell,293543637
1750537031283,81.23,0.124,sell,293543638
1750537031676,81.23,0.26,buy,293543639
1750537031767,81.23,0.514,sell,293543640
1750537032153,81.23,0.467,sell,293543641
1750537032497,81.23,0.392,sell,293543642
1750537034135,81.23,0.433,sell,293543643
1750537034418,81.23,0.429,sell,293543644
1750537035338,81.24,0.449,buy,293543645
1750537035923,81.25,0.384,buy,293543646
1750537035925,81.25,0.065,buy,293543647
1750537037362,81.25,0.177,sell,293543648
1750537040296,81.25,1.24,sell,293543649
1750537042006,81.25,6.152,sell,293543650
1750537042304,81.24,0.062,sell,293543651
1750537042343,81.23,0.578,sell,293543652
1750537042644,81.23,0.37,sell,293543653
1750537043113,81.23,0.192,sell,293543654
1750537043315,81.23,0.26,buy,293543655
1750537043444,81.23,0.42,sell,293543656
1750537043929,81.23,0.416,sell,293543657
1750537044828,81.23,1.381,sell,293543658
1750537045158,81.24,0.449,buy,293543659
1750537045167,81.25,0.449,buy,293543660
1750537045812,81.26,0.133,buy,293543661
1750537048397,81.26,1.039,buy,293543662
1750537048741,81.26,0.195,buy,293543663
1750537048842,81.26,0.818,sell,293543664
1750537049104,81.27,0.583,buy,293543665
1750537049120,81.28,0.734,buy,293543666
1750537049669,81.29,0.517,buy,293543667
1750537050149,81.29,6.149,sell,293543668
1750537050161,81.28,0.217,sell,293543669
1750537053999,81.27,0.152,sell,293543670
1750537054029,81.27,0.547,sell,293543671
1750537056008,81.28,0.87,buy,293543672
1750537056532,81.27,1.895,sell,293543673
1750537056842,81.26,1.207,sell,293543674
1750537056845,81.25,0.217,sell,293543675
1750537056998,81.24,0.38,sell,293543676
1750537057407,81.25,1,buy,293543677
1750537059837,81.24,0.706,sell,293543678
1750537060885,81.24,0.13,sell,293543679
1750537062846,81.24,0.167,sell,293543680
1750537067154,81.24,0.402,sell,293543681
1750537067890,81.24,0.396,sell,293543682
1750537069933,81.24,0.542,sell,293543683
1750537070534,81.24,0.537,sell,293543684
1750537071199,81.25,0.325,buy,293543685
1750537073575,81.26,0.386,buy,293543686
1750537078095,81.26,0.188,buy,293543687
1750537080069,81.25,1.736,sell,293543688
1750537080127,81.24,0.217,sell,293543689
1750537080383,81.23,0.273,sell,293543690
1750537080484,81.23,15.192,sell,293543691
1750537081127,81.22,0.254,sell,293543692
1750537081483,81.21,0.124,sell,293543693
1750537082684,81.21,69.427,buy,293543694
1750537082684,81.22,130.572,buy,293543695
1750537082756,81.21,0.444,sell,293543696
1750537082807,81.21,0.363,sell,293543697
1750537083137,81.21,0.333,sell,293543698
1750537083148,81.21,4.118,sell,293543699
1750537083429,81.21,0.288,sell,293543700
1750537086149,81.2,0.28,sell,293543701
1750537086575,81.21,0.269,buy,293543702
1750537087301,81.2,1.893,sell,293543703
1750537088370,81.18,0.068,sell,293543704
1750537089025,81.18,0.26,buy,293543705
1750537089065,81.18,0.366,sell,293543706
1750537089616,81.18,0.573,sell,293543707
1750537089970,81.17,0.368,sell,293543708
1750537090276,81.18,0.325,buy,293543709
1750537090383,81.18,0.498,sell,293543710
1750537090660,81.18,0.479,sell,293543711
1750537091710,81.18,2.072,sell,293543712
1750537096277,81.18,3.211,sell,293543713
1750537096277,81.18,3.255,sell,293543714
1750537096277,81.17,0.745,sell,293543715
1750537096414,81.16,0.247,sell,293543716
1750537096732,81.16,0.394,sell,293543717
1750537097036,81.16,0.39,sell,293543718
1750537097451,81.15,0.384,sell,293543719
1750537097733,81.15,0.38,sell,293543720
1750537097992,81.15,0.376,sell,293543721
1750537098230,81.15,0.372,sell,293543722
1750537098740,81.15,0.568,sell,293543723
1750537099041,81.15,0.563,sell,293543724
1750537099492,81.15,0.557,sell,293543725
1750537099633,81.16,0.258,buy,293543726
1750537100140,81.15,0.351,sell,293543727
1750537100461,81.15,0.272,sell,293543728
1750537100627,81.15,2.464,sell,293543729
1750537101433,81.15,0.444,sell,293543730
1750537102195,81.15,15,sell,293543731
1750537102277,81.15,1.569,buy,293543732
1750537102707,81.14,0.192,sell,293543733
1750537103957,81.14,80.098,buy,293543734
1750537104735,81.13,23.612,sell,293543735
1750537104735,81.12,6.388,sell,293543736
1750537106061,81.12,0.253,sell,293543737
1750537106230,81.13,2.814,buy,293543738
1750537106365,81.14,0.164,buy,293543739
1750537107403,81.13,15.005,sell,293543740
1750537108055,81.14,0.132,buy,293543741
1750537110575,81.13,18.153,sell,293543742
1750537110575,81.12,11.847,sell,293543743
1750537111051,81.13,0.195,buy,293543744
1750537116028,81.13,30,sell,293543745
1750537116252,81.13,8.654,sell,293543746
1750537117017,81.13,1.451,buy,293543747
1750537117892,81.12,0.124,sell,293543748
1750537118028,81.11,0.068,sell,293543749
1750537118028,81.1,0.69,sell,293543750
1750537118657,81.1,0.319,sell,293543751
1750537118942,81.1,0.315,sell,293543752
1750537119439,81.1,0.312,sell,293543753
1750537119754,81.11,0.075,buy,293543754
1750537120556,81.1,0.459,sell,293543755
1750537120845,81.1,0.455,sell,293543756
1750537121018,81.11,0.355,buy,293543757
1750537121135,81.1,0.271,sell,293543758
1750537121409,81.1,0.268,sell,293543759
1750537122869,81.1,18.224,sell,293543760
1750537122869,81.09,11.776,sell,293543761
1750537124222,81.1,0.351,buy,293543762
1750537124345,81.1,0.563,sell,293543763
1750537124854,81.11,0.384,buy,293543764
1750537124854,81.12,1.255,buy,293543765
1750537127049,81.11,18.155,sell,293543766
1750537127049,81.1,11.845,sell,293543767
1750537127959,81.1,0.124,sell,293543768
1750537131539,81.09,0.124,sell,293543769
1750537131544,81.08,0.347,sell,293543770
1750537131713,81.08,0.417,buy,293543771
1750537132025,81.07,6.824,sell,293543772
1750537132122,81.06,0.627,sell,293543773
1750537134750,81.06,0.289,sell,293543774
1750537135538,81.06,0.286,sell,293543775
1750537135645,81.07,0.325,buy,293543776
1750537135935,81.07,0.568,sell,293543777
1750537136782,81.07,20.873,sell,293543778
1750537136782,81.06,9.127,sell,293543779
1750537136919,81.07,0.864,buy,293543780
1750537138540,81.07,0.195,buy,293543781
1750537138643,81.07,0.319,sell,293543782
1750537139057,81.07,0.316,sell,293543783
1750537139960,81.07,0.41,sell,293543784
1750537140692,81.07,0.592,sell,293543785
1750537140722,81.08,1.866,buy,293543786
1750537141201,81.08,0.102,buy,293543787
1750537141948,81.07,0.4,sell,293543788
1750537142498,81.07,0.396,sell,293543789
1750537142720,81.07,30,sell,293543790
1750537142844,81.06,0.392,sell,293543791
1750537143875,81.07,0.26,buy,293543792
1750537143940,81.07,0.644,sell,293543793
1750537144096,81.08,0.304,buy,293543794
1750537144244,81.07,0.651,sell,293543795
1750537146247,81.07,0.295,sell,293543796
1750537146484,81.07,29.113,sell,293543797
1750537146484,81.06,0.887,sell,293543798
1750537146559,81.06,0.292,sell,293543799
1750537151670,81.06,0.746,sell,293543800
1750537156433,81.05,8.828,sell,293543801
1750537156469,81.04,0.254,sell,293543802
1750537156600,81.03,0.278,sell,293543803
1750537158917,81.04,0.301,buy,293543804
1750537159302,81.04,0.494,buy,293543805
1750537159335,81.05,2.362,buy,293543806
1750537159406,81.05,0.384,buy,293543807
1750537159422,81.06,1.181,buy,293543808
1750537159551,81.05,0.816,sell,293543809
1750537159743,81.06,0.384,buy,293543810
1750537159745,81.06,0.065,buy,293543811
1750537159747,81.07,1.181,buy,293543812
1750537161179,81.07,1.186,buy,293543813
1750537161184,81.07,0.13,buy,293543814
1750537161247,81.08,1.051,buy,293543815
1750537161255,81.08,0.065,buy,293543816
1750537161366,81.08,0.57,sell,293543817
1750537165458,81.09,0.284,buy,293543818
1750537165555,81.08,8,sell,293543819
1750537165732,81.07,0.734,sell,293543820
1750537166892,81.07,0.541,sell,293543821
1750537167157,81.08,1.1,buy,293543822
1750537168418,81.07,0.301,sell,293543823
1750537169070,81.07,0.26,sell,293543824
1750537169333,81.07,0.293,sell,293543825
1750537169632,81.07,0.291,sell,293543826
1750537170726,81.07,0.293,sell,293543827
1750537170820,81.08,3.553,buy,293543828
1750537171899,81.09,2.405,buy,293543829
1750537172284,81.08,0.432,sell,293543830
1750537173670,81.08,11.747,sell,293543831
1750537173670,81.07,18.253,sell,293543832
1750537174714,81.08,0.26,buy,293543833
1750537177369,81.08,30,sell,293543834
1750537181076,81.08,50,sell,293543835
1750537185139,81.08,24.179,sell,293543836
1750537185139,81.07,25.821,sell,293543837
1750537185834,81.08,0.081,buy,293543838
1750537187718,81.08,0.592,buy,293543839
1750537189090,81.07,9.074,sell,293543840
1750537189090,81.06,40.926,sell,293543841
1750537189134,81.07,0.195,buy,293543842
1750537190798,81.08,0.403,buy,293543843
1750537193471,81.07,50,sell,293543844
1750537194890,81.06,0.186,sell,293543845
1750537195341,81.06,0.766,buy,293543846
1750537197427,81.05,22.06,sell,293543847
1750537197427,81.04,27.94,sell,293543848
1750537198079,81.04,0.161,sell,293543849
1750537198101,81.03,0.413,sell,293543850
1750537198251,81.03,13.711,sell,293543851
1750537199021,81.02,0.97,sell,293543852
1750537201833,81.02,18.853,sell,293543853
1750537201833,81.01,31.147,sell,293543854
1750537202160,81.01,14.275,sell,293543855
1750537202164,81.01,0.814,buy,293543856
1750537202164,81.01,1.222,buy,293543857
1750537202165,81.01,1.222,buy,293543858
1750537202165,81.01,1.222,buy,293543859
1750537202166,81.01,1.086,buy,293543860
1750537204278,81.01,0.26,buy,293543861
1750537205515,81.02,0.705,buy,293543862
1750537205771,81.02,1.181,buy,293543863
1750537205924,81.02,35.628,buy,293543864
1750537205929,81.03,0.449,buy,293543865
1750537205929,81.04,3.551,buy,293543866
1750537205930,81.04,0.193,buy,293543867
1750537205930,81.05,5.979,buy,293543868
1750537205932,81.05,6.172,buy,293543869
1750537206614,81.05,3.446,buy,293543870
1750537206664,81.05,0.26,buy,293543871
1750537207060,81.06,0.449,buy,293543872
1750537207067,81.06,50,sell,293543873
1750537207114,81.07,0.732,buy,293543874
1750537207247,81.06,1.576,sell,293543875
1750537207408,81.05,0.124,sell,293543876
1750537208101,81.04,0.124,sell,293543877
1750537208112,81.04,0.256,buy,293543878
1750537209808,81.03,0.124,sell,293543879
1750537210070,81.03,0.742,buy,293543880
1750537213379,81.02,0.124,sell,293543881
1750537213379,81.01,49.876,sell,293543882
1750537213819,81.02,0.26,buy,293543883
1750537213922,81.03,0.1,buy,293543884
1750537214534,81.02,5.385,sell,293543885
1750537214535,81.03,0.349,buy,293543886
1750537216400,81.04,0.094,buy,293543887
1750537216903,81.04,2.114,buy,293543888
1750537220072,81.03,9.52,sell,293543889
1750537220072,81.02,15.49,sell,293543890
1750537220072,81.01,24.99,sell,293543891
1750537220521,81.02,0.247,buy,293543892
1750537220802,81.02,0.204,buy,293543893
1750537221072,81.01,0.188,sell,293543894
1750537221157,81.02,0.13,buy,293543895
1750537221426,81.03,0.347,buy,293543896
1750537221493,81.03,0.652,buy,293543897
1750537223998,81.03,1.181,buy,293543898
1750537225832,81.02,8.613,sell,293543899
1750537225832,81.01,40.612,sell,293543900
1750537225832,81,0.775,sell,293543901
1750537226390,81.01,0.062,buy,293543902
1750537226677,81,0.481,sell,293543903
1750537226784,80.99,0.285,sell,293543904
1750537227049,80.99,0.195,buy,293543905
1750537227596,81,0.135,buy,293543906
1750537229430,81,0.384,buy,293543907
1750537229774,81,0.13,buy,293543908
1750537229774,81.01,1.051,buy,293543909
1750537229815,81,42.5,sell,293543910
1750537230101,81.01,0.384,buy,293543911
1750537230102,81.01,0.065,buy,293543912
1750537230119,81.02,1.181,buy,293543913
1750537231485,81.01,0.068,sell,293543914
1750537232158,81.01,0.254,buy,293543915
1750537232191,81,0.25,sell,293543916
1750537233184,80.99,21.781,sell,293543917
1750537233184,80.98,9.308,sell,293543918
1750537233184,80.97,11.411,sell,293543919
1750537233223,80.98,0.418,buy,293543920
1750537233453,80.97,0.087,sell,293543921
1750537233455,80.98,0.162,buy,293543922
1750537235771,80.98,1.181,buy,293543923
1750537235844,80.98,1.181,buy,293543924
1750537235846,80.98,0.13,buy,293543925
1750537236016,80.99,1.181,buy,293543926
1750537236642,80.98,0.494,buy,293543927
1750537237146,80.98,14.715,buy,293543928
1750537243879,80.98,0.247,buy,293543929
1750537244565,80.98,0.325,buy,293543930
1750537245410,80.99,0.449,buy,293543931
1750537245455,80.99,0.087,sell,293543932
1750537249382,80.99,7.784,sell,293543933
1750537249819,80.99,1.716,buy,293543934
1750537250017,80.98,0.124,sell,293543935
1750537251775,80.97,6.466,sell,293543936
1750537252336,80.96,0.343,sell,293543937
1750537252336,80.95,0.306,sell,293543938
1750537252754,80.95,0.454,sell,293543939
1750537252938,80.96,0.731,buy,293543940
1750537254039,80.96,0.325,buy,293543941
1750537254692,80.97,0.449,buy,293543942
1750537254838,80.98,0.511,buy,293543943
1750537254854,80.99,1.181,buy,293543944
1750537254857,80.99,0.13,buy,293543945
1750537255518,81,0.094,buy,293543946
1750537255758,81,0.617,buy,293543947
1750537259979,80.99,0.278,buy,293543948
1750537260533,80.98,0.124,sell,293543949
1750537260806,80.97,0.101,sell,293543950
1750537260916,80.98,1.867,buy,293543951
1750537261106,80.98,0.26,buy,293543952
1750537262522,80.99,0.697,buy,293543953
1750537262650,80.99,1.976,buy,293543954
1750537263387,80.99,0.411,buy,293543955
1750537264127,80.99,0.449,buy,293543956
1750537264968,81,0.449,buy,293543957
1750537265043,81.01,1.181,buy,293543958
1750537266911,81,2.108,sell,293543959
1750537268679,81.01,0.697,buy,293543960
1750537271244,81,2.635,sell,293543961
1750537273096,81.01,0.862,buy,293543962
1750537273942,81.01,0.275,buy,293543963
1750537277163,81.01,7.881,buy,293543964
1750537277165,81.01,11.91,buy,293543965
1750537277165,81.01,8.81,buy,293543966
1750537277166,81.01,10.73,buy,293543967
1750537277167,81.01,16.11,buy,293543968
1750537277168,81.01,22.42,buy,293543969
1750537277168,81.01,1.574,buy,293543970
1750537277225,81.02,0.579,buy,293543971
1750537277225,81.03,1.783,buy,293543972
1750537277631,81.03,0.325,buy,293543973
1750537280025,81.03,68.082,sell,293543974
1750537280027,81.03,28.506,sell,293543975
1750537280031,81.03,0.346,buy,293543976
1750537280442,81.03,6.427,buy,293543977
1750537281263,81.03,0.26,buy,293543978
1750537282012,81.04,0.619,buy,293543979
1750537282931,81.04,0.517,buy,293543980
1750537282931,81.05,0.664,buy,293543981
1750537282994,81.05,0.987,buy,293543982
1750537283726,81.05,0.84,buy,293543983
1750537284254,81.04,45.6,sell,293543984
1750537284254,81.03,25.481,sell,293543985
1750537284254,81.03,14.254,sell,293543986
1750537284254,81.02,46.53,sell,293543987
1750537284254,81.01,89.642,sell,293543988
1750537284255,81.01,19.781,sell,293543989
1750537284255,81.01,37.805,sell,293543990
1750537284255,81.01,9.191,sell,293543991
1750537284255,81.01,7.088,sell,293543992
1750537284255,81,6.173,sell,293543993
1750537284258,81.01,3.435,buy,293543994
1750537284262,81,6.173,sell,293543995
1750537284466,81.01,2.666,buy,293543996
1750537285694,81.02,5,buy,293543997
1750537286106,81.01,0.403,sell,293543998
1750537286451,81.02,0.299,buy,293543999
1750537287274,81.02,0.13,buy,293544000
1750537287575,81.03,0.449,buy,293544001
1750537288299,81.03,0.481,sell,293544002
1750537289704,81.04,0.384,buy,293544003
1750537289706,81.04,0.065,buy,293544004
1750537289945,81.05,0.851,buy,293544005
1750537292447,81.05,0.144,buy,293544006
1750537292692,81.04,0.475,sell,293544007
1750537293493,81.05,0.466,buy,293544008
1750537293880,81.05,1.13,buy,293544009
1750537294341,81.05,6.198,buy,293544010
1750537294341,81.05,0.065,buy,293544011
1750537294359,81.06,0.579,buy,293544012
1750537298843,81.05,0.37,sell,293544013
1750537299378,81.05,0.136,buy,293544014
1750537299994,81.04,0.124,sell,293544015
1750537300285,81.04,0.163,buy,293544016
1750537301038,81.03,0.124,sell,293544017
1750537301902,81.02,0.124,sell,293544018
1750537302206,81.01,0.156,sell,293544019
1750537303111,81,6.663,sell,293544020
1750537304307,81,0.26,buy,293544021
1750537305977,81.01,8.71,buy,293544022
1750537308896,81.01,0.449,buy,293544023
1750537309535,81.02,0.901,buy,293544024
1750537310719,81.02,82.373,buy,293544025
1750537310721,81.03,0.449,buy,293544026
1750537310726,81.04,6.171,buy,293544027
1750537312962,81.04,0.26,buy,293544028
1750537313258,81.05,0.517,buy,293544029
1750537313258,81.06,0.664,buy,293544030
1750537313543,81.06,1.155,buy,293544031
1750537313737,81.07,0.517,buy,293544032
1750537317222,81.08,0.517,buy,293544033
1750537317237,81.09,0.935,buy,293544034
1750537317238,81.09,0.246,buy,293544035
1750537317709,81.09,0.195,buy,293544036
1750537318248,81.09,0.175,sell,293544037
1750537318319,81.08,26.382,sell,293544038
1750537318392,81.07,0.347,sell,293544039
1750537319505,81.07,0.37,buy,293544040
1750537321306,81.06,25.152,sell,293544041
1750537321314,81.06,47.762,sell,293544042
1750537321358,81.05,0.217,sell,293544043
1750537322592,81.05,0.247,buy,293544044
1750537327334,81.05,0.325,buy,293544045
1750537327908,81.06,0.577,buy,293544046
1750537330764,81.06,1.946,sell,293544047
1750537331271,81.07,8.264,buy,293544048
1750537331539,81.07,0.616,buy,293544049
1750537331854,81.07,22.296,buy,293544050
1750537331855,81.07,35.234,buy,293544051
1750537331859,81.07,14.202,buy,293544052
1750537331916,81.08,1.181,buy,293544053
1750537331919,81.08,0.13,buy,293544054
1750537334043,81.09,0.582,buy,293544055
1750537334043,81.1,0.599,buy,293544056
1750537334345,81.09,0.429,sell,293544057
1750537336558,81.09,19.184,sell,293544058
1750537336657,81.08,0.292,sell,293544059
1750537336707,81.08,0.735,buy,293544060
1750537337148,81.08,0.579,buy,293544061
1750537339344,81.07,0.509,sell,293544062
1750537340542,81.07,5.911,sell,293544063
1750537341003,81.06,0.124,sell,293544064
1750537342503,81.06,0.431,buy,293544065
1750537342612,81.06,0.617,buy,293544066
1750537345283,81.05,12.59,sell,293544067
1750537345312,81.04,0.285,sell,293544068
1750537348255,81.04,0.209,buy,293544069
1750537350348,81.04,0.274,buy,293544070
1750537351043,81.04,0.127,buy,293544071
1750537351774,81.04,0.325,buy,293544072
1750537352320,81.05,0.325,buy,293544073
1750537353027,81.06,0.582,buy,293544074
1750537353027,81.07,0.599,buy,293544075
1750537353041,81.07,1.181,buy,293544076
1750537353057,81.07,0.26,buy,293544077
1750537354043,81.08,0.582,buy,293544078
1750537354043,81.09,0.599,buy,293544079
1750537354361,81.08,2.963,sell,293544080
1750537354361,81.08,2.963,sell,293544081
1750537357839,81.09,1.181,buy,293544082
1750537360155,81.09,0.093,buy,293544083
1750537362790,81.09,0.246,buy,293544084
1750537364090,81.09,73.689,buy,293544085
1750537364092,81.09,31.404,buy,293544086
1750537364092,81.09,5.368,buy,293544087
1750537364092,81.09,36.14,buy,293544088
1750537364093,81.09,20.421,buy,293544089
1750537364107,81.09,1.181,buy,293544090
1750537364504,81.09,3.382,buy,293544091
1750537367033,81.09,2.311,buy,293544092
1750537368331,81.09,0.495,buy,293544093
1750537368845,81.09,11.313,buy,293544094
1750537368845,81.09,14.326,buy,293544095
1750537368846,81.09,6.612,buy,293544096
1750537368846,81.09,24.553,buy,293544097
1750537368846,81.09,2.105,buy,293544098
1750537368850,81.1,0.644,buy,293544099
1750537368850,81.11,0.799,buy,293544100
1750537368854,81.11,5.547,buy,293544101
1750537368856,81.11,6.166,buy,293544102
1750537369013,81.11,1.181,buy,293544103
1750537369013,81.11,0.703,buy,293544104
1750537369642,81.11,6.717,buy,293544105
1750537372482,81.11,9.987,buy,293544106
1750537374368,81.1,50.568,sell,293544107
1750537374368,81.09,30.895,sell,293544108
1750537374370,81.09,12.341,sell,293544109
1750537374374,81.09,2.064,buy,293544110
1750537376204,81.08,0.752,sell,293544111
1750537376587,81.09,0.493,buy,293544112
1750537377506,81.09,0.437,buy,293544113
1750537377554,81.09,3.748,buy,293544114
1750537377611,81.1,2.69,buy,293544115
1750537379124,81.1,3.794,buy,293544116
1750537379499,81.1,0.449,buy,293544117
1750537381312,81.11,0.086,buy,293544118
1750537381313,81.11,0.431,buy,293544119
1750537381795,81.12,0.579,buy,293544120
1750537381802,81.12,0.195,buy,293544121
1750537381802,81.13,0.986,buy,293544122
1750537381822,81.13,1.181,buy,293544123
1750537381844,81.13,1.181,buy,293544124
1750537381859,81.13,24.18,buy,293544125
1750537381863,81.13,0.13,buy,293544126
1750537381979,81.14,1.072,buy,293544127
1750537382029,81.14,0.384,buy,293544128
1750537382137,81.15,0.582,buy,293544129
1750537382253,81.16,1.78,buy,293544130
1750537382461,81.16,0.13,buy,293544131
1750537382684,81.17,0.582,buy,293544132
1750537384986,81.17,24.888,sell,293544133
1750537391925,81.17,0.325,buy,293544134
1750537393006,81.18,2.162,buy,293544135
1750537393804,81.17,0.068,sell,293544136
1750537395856,81.18,0.26,buy,293544137
1750537397694,81.19,0.701,buy,293544138
1750537402509,81.18,5.113,sell,293544139
1750537402511,81.18,2.981,sell,293544140
1750537402511,81.18,0.065,sell,293544141
1750537402798,81.18,0.732,buy,293544142
1750537403444,81.18,0.46,buy,293544143
1750537406861,81.17,1.255,sell,293544144
1750537407192,81.16,0.186,sell,293544145
1750537407196,81.16,11.79,sell,293544146
1750537407204,81.15,0.217,sell,293544147
1750537407647,81.14,4.434,sell,293544148
1750537407887,81.14,0.189,buy,293544149
1750537408009,81.13,0.124,sell,293544150
1750537408287,81.13,0.408,buy,293544151
1750537409200,81.12,0.257,sell,293544152
1750537410037,81.11,0.124,sell,293544153
1750537411100,81.1,0.319,sell,293544154
1750537413195,81.09,0.226,sell,293544155
1750537414043,81.09,0.26,buy,293544156
1750537415137,81.1,0.26,buy,293544157
1750537415154,81.1,0.195,buy,293544158
1750537415234,81.11,0.607,buy,293544159
1750537415313,81.12,0.268,buy,293544160
1750537418217,81.11,0.298,sell,293544161
1750537419857,81.12,1.269,buy,293544162
1750537424300,81.12,0.112,buy,293544163
1750537424302,81.12,0.337,buy,293544164
1750537426401,81.13,3.695,buy,293544165
1750537429656,81.13,4.556,buy,293544166
1750537431988,81.13,1.071,sell,293544167
1750537434411,81.14,0.246,buy,293544168
1750537434497,81.13,18.265,sell,293544169
1750537436473,81.14,0.271,buy,293544170
1750537438507,81.14,3.597,sell,293544171
1750537439497,81.15,0.325,buy,293544172
1750537439996,81.15,0.12,sell,293544173
1750537440906,81.16,0.2,buy,293544174
1750537445179,81.16,0.582,buy,293544175
1750537445179,81.17,0.978,buy,293544176
1750537446532,81.17,0.582,buy,293544177
1750537446878,81.17,8.093,sell,293544178
1750537454634,81.18,6.961,buy,293544179
1750537457292,81.18,1,buy,293544180
1750537461930,81.18,1.181,buy,293544181
1750537468521,81.17,12.722,sell,293544182
1750537471003,81.17,0.315,buy,293544183
1750537472539,81.17,1.847,buy,293544184
1750537472541,81.17,0.308,buy,293544185
1750537476102,81.18,0.62,buy,293544186
1750537476516,81.19,0.379,buy,293544187
1750537476579,81.18,0.105,sell,293544188
1750537480156,81.19,0.393,buy,293544189
1750537492692,81.2,0.728,buy,293544190
1750537494395,81.19,0.144,sell,293544191
1750537494644,81.2,0.156,buy,293544192
1750537496042,81.21,0.582,buy,293544193
1750537496042,81.22,0.649,buy,293544194
1750537498876,81.22,0.393,buy,293544195
1750537503176,81.23,0.213,buy,293544196
1750537504868,81.23,0.736,buy,293544197
1750537505203,81.22,8.112,sell,293544198
1750537505984,81.22,1.209,buy,293544199
1750537507679,81.22,0.627,buy,293544200
1750537507801,81.21,0.097,sell,293544201
1750537510018,81.22,0.984,buy,293544202
1750537512091,81.22,0.258,buy,293544203
1750537513564,81.21,22.749,sell,293544204
1750537515144,81.21,0.494,buy,293544205
1750537515146,81.21,0.065,buy,293544206
1750537515214,81.22,0.514,buy,293544207
1750537515214,81.23,1.228,buy,293544208
1750537515866,81.23,2.44,buy,293544209
1750537518830,81.22,0.169,sell,293544210
1750537519096,81.22,0.431,buy,293544211
1750537519383,81.21,6.344,sell,293544212
1750537519537,81.2,15.595,sell,293544213
1750537519542,81.19,0.217,sell,293544214
1750537521721,81.18,0.697,sell,293544215
1750537522522,81.19,0.307,buy,293544216
1750537526000,81.18,0.065,sell,293544217
1750537527648,81.18,0.481,buy,293544218
1750537527940,81.18,1.181,buy,293544219
1750537528873,81.18,17.415,buy,293544220
1750537528874,81.18,24.52,buy,293544221
1750537528874,81.18,12.981,buy,293544222
1750537528877,81.18,17.681,buy,293544223
1750537529013,81.19,0.514,buy,293544224
1750537529013,81.2,0.667,buy,293544225
1750537529021,81.19,0.172,sell,293544226
1750537530111,81.2,1.231,buy,293544227
1750537531077,81.2,0.514,buy,293544228
1750537531077,81.21,1.055,buy,293544229
1750537531539,81.21,1.052,buy,293544230
1750537532873,81.21,0.582,buy,293544231
1750537532890,81.22,1.181,buy,293544232
1750537534275,81.22,0.426,buy,293544233
1750537535305,81.21,0.81,sell,293544234
1750537539736,81.22,0.701,buy,293544235
1750537539988,81.21,0.131,sell,293544236
1750537541829,81.22,0.405,buy,293544237
1750537546051,81.21,23.524,sell,293544238
1750537546089,81.2,0.093,sell,293544239
1750537546191,81.19,0.35,sell,293544240
1750537546660,81.18,0.192,sell,293544241
1750537546842,81.17,30.519,sell,293544242
1750537547282,81.16,1.347,sell,293544243
1750537547953,81.17,1,buy,293544244
1750537548802,81.16,0.348,sell,293544245
1750537548803,81.16,75.282,sell,293544246
1750537550149,81.16,0.925,buy,293544247
1750537552721,81.15,0.285,sell,293544248
1750537558821,81.15,1.181,buy,293544249
1750537558837,81.15,1.181,buy,293544250
1750537558963,81.15,1.181,buy,293544251
1750537560412,81.14,19.812,sell,293544252
1750537560412,81.14,16.963,sell,293544253
1750537560539,81.13,0.192,sell,293544254
1750537562118,81.13,0.237,buy,293544255
1750537562349,81.13,0.705,buy,293544256
1750537562892,81.13,0.39,buy,293544257
1750537563013,81.14,3.543,buy,293544258
1750537563066,81.14,1.181,buy,293544259
1750537563086,81.14,1.181,buy,293544260
1750537563103,81.14,0.222,buy,293544261
1750537563121,81.14,1.181,buy,293544262
1750537563121,81.14,1.181,buy,293544263
1750537563136,81.14,1.181,buy,293544264
1750537563571,81.14,0.449,buy,293544265
1750537563772,81.15,0.514,buy,293544266
1750537563772,81.16,0.667,buy,293544267
1750537564828,81.16,0.464,buy,293544268
1750537565837,81.16,0.123,buy,293544269
1750537571106,81.15,0.917,sell,293544270
1750537571930,81.16,0.391,buy,293544271
1750537572066,81.17,1.181,buy,293544272
1750537577948,81.16,0.364,sell,293544273
1750537578858,81.16,7.721,sell,293544274
1750537578864,81.16,0.286,buy,293544275
1750537579333,81.16,0.26,buy,293544276
1750537581688,81.17,0.582,buy,293544277
1750537584656,81.18,0.514,buy,293544278
1750537584684,81.19,0.514,buy,293544279
1750537588534,81.2,0.582,buy,293544280
1750537588798,81.21,0.514,buy,293544281
1750537588798,81.22,0.362,buy,293544282
1750537588801,81.22,0.305,buy,293544283
1750537588923,81.22,0.644,buy,293544284
1750537588943,81.23,1.181,buy,293544285
1750537589243,81.23,0.553,buy,293544286
1750537589243,81.24,0.628,buy,293544287
1750537589258,81.24,0.238,buy,293544288
1750537589259,81.24,0.943,buy,293544289
1750537589345,81.24,0.454,buy,293544290
1750537589833,81.24,0.13,buy,293544291
1750537591485,81.25,0.131,buy,293544292
1750537593101,81.24,6.678,sell,293544293
1750537593501,81.23,0.772,sell,293544294
1750537593524,81.22,0.186,sell,293544295
1750537595457,81.22,1.145,buy,293544296
1750537596041,81.22,1.053,buy,293544297
1750537597239,81.21,5,sell,293544298
1750537599300,81.21,0.065,sell,293544299
1750537600272,81.2,0.185,sell,293544300
1750537601900,81.2,0.781,sell,293544301
1750537603402,81.19,15.065,sell,293544302
1750537603489,81.18,0.186,sell,293544303
1750537603500,81.18,8.618,buy,293544304
1750537606599,81.17,0.284,sell,293544305
1750537614181,81.17,0.615,buy,293544306
1750537616629,81.17,1.077,buy,293544307
1750537622613,81.18,4.514,buy,293544308
1750537622938,81.19,1.181,buy,293544309
1750537622956,81.19,1.181,buy,293544310
1750537622972,81.19,1.181,buy,293544311
1750537623011,81.19,1.181,buy,293544312
1750537623038,81.19,1.181,buy,293544313
1750537623244,81.19,22.743,buy,293544314
1750537623245,81.19,19.407,buy,293544315
1750537623245,81.19,25.407,buy,293544316
1750537623312,81.2,0.644,buy,293544317
1750537623312,81.21,0.537,buy,293544318
1750537624501,81.21,0.514,buy,293544319
1750537624501,81.22,0.042,buy,293544320
1750537624996,81.21,0.136,sell,293544321
1750537627140,81.21,0.475,sell,293544322
1750537627674,81.21,6.269,sell,293544323
1750537627782,81.2,0.346,sell,293544324
1750537628228,81.19,24.586,sell,293544325
1750537629502,81.19,3.158,sell,293544326
1750537632683,81.2,0.325,buy,293544327
1750537639697,81.2,0.119,sell,293544328
1750537646589,81.21,0.514,buy,293544329
1750537647230,81.22,0.284,buy,293544330
1750537647350,81.21,0.244,sell,293544331
1750537649684,81.22,0.187,buy,293544332
1750537650342,81.22,0.913,buy,293544333
1750537651608,81.22,0.102,buy,293544334
1750537653189,81.22,0.11,buy,293544335
1750537653233,81.21,7.07,sell,293544336
1750537653344,81.2,19.273,sell,293544337
1750537654081,81.19,0.528,sell,293544338
1750537657027,81.19,11.694,buy,293544339
1750537657624,81.2,2.735,buy,293544340
1750537657768,81.2,1.181,buy,293544341
1750537657780,81.2,10.776,buy,293544342
1750537657782,81.2,37.23,buy,293544343
1750537657782,81.2,20.761,buy,293544344
1750537657822,81.21,0.514,buy,293544345
1750537657822,81.22,1.848,buy,293544346
1750537662098,81.21,6.22,sell,293544347
1750537662189,81.2,0.217,sell,293544348
1750537663340,81.2,0.093,buy,293544349
1750537663743,81.2,0.272,buy,293544350
1750537664623,81.19,6.515,sell,293544351
1750537664749,81.18,0.192,sell,293544352
1750537666920,81.18,0.986,buy,293544353
1750537670357,81.17,2.058,sell,293544354
1750537676172,81.17,20.415,sell,293544355
1750537676593,81.16,0.13,sell,293544356
1750537677041,81.15,0.246,sell,293544357
1750537677946,81.16,1.181,buy,293544358
1750537678079,81.16,0.13,buy,293544359
1750537681054,81.17,0.685,buy,293544360
1750537681542,81.18,0.171,buy,293544361
1750537683119,81.18,0.694,buy,293544362
1750537683455,81.18,2.32,buy,293544363
1750537683994,81.17,0.483,sell,293544364
1750537685886,81.17,6.519,sell,293544365
1750537686388,81.17,0.864,buy,293544366
1750537687042,81.17,0.195,buy,293544367
1750537687370,81.18,0.49,buy,293544368
1750537691812,81.18,0.177,buy,293544369
1750537692551,81.18,0.279,buy,293544370
1750537693953,81.18,0.253,buy,293544371
1750537693953,81.19,0.928,buy,293544372
1750537696678,81.19,0.689,buy,293544373
1750537697046,81.19,3.628,sell,293544374
1750537697102,81.2,0.582,buy,293544375
1750537697126,81.21,1.181,buy,293544376
1750537699099,81.21,0.514,buy,293544377
1750537699728,81.22,3.088,buy,293544378
1750537699731,81.22,1.494,buy,293544379
1750537701393,81.22,4.994,sell,293544380
1750537701435,81.22,1.226,sell,293544381
1750537701632,81.22,4.001,buy,293544382
1750537703323,81.22,0.26,buy,293544383
1750537704210,81.23,0.068,buy,293544384
1750537705032,81.23,0.514,buy,293544385
1750537705043,81.24,1.181,buy,293544386
1750537705056,81.24,1.181,buy,293544387
1750537705150,81.24,0.705,buy,293544388
1750537705151,81.24,1.181,buy,293544389
1750537705584,81.24,0.195,buy,293544390
1750537708255,81.25,0.196,buy,293544391
1750537709206,81.24,36.059,sell,293544392
1750537709208,81.25,0.321,buy,293544393
1750537710777,81.26,6.482,buy,293544394
1750537710822,81.27,1.181,buy,293544395
1750537715351,81.27,3.145,buy,293544396
1750537717216,81.27,0.64,buy,293544397
1750537718666,81.27,0.325,buy,293544398
1750537720155,81.27,0.137,sell,293544399
1750537726515,81.28,12.941,buy,293544400
1750537726682,81.28,9.792,sell,293544401
1750537727816,81.28,0.21,sell,293544402
1750537728019,81.29,0.671,buy,293544403
1750537728019,81.3,0.51,buy,293544404
1750537728022,81.3,0.068,buy,293544405
1750537728525,81.3,0.264,buy,293544406
1750537732147,81.31,0.582,buy,293544407
1750537732147,81.32,0.599,buy,293544408
1750537738553,81.32,3.245,buy,293544409
1750537738720,81.32,0.13,buy,293544410
1750537739237,81.32,0.088,sell,293544411
1750537740778,81.32,1.165,sell,293544412
1750537741336,81.33,0.383,buy,293544413
1750537742401,81.33,0.684,buy,293544414
1750537746188,81.32,30.617,sell,293544415
1750537746223,81.31,0.217,sell,293544416
1750537746867,81.3,25.719,sell,293544417
1750537747730,81.29,6.719,sell,293544418
1750537748252,81.28,0.319,sell,293544419
1750537748407,81.27,0.405,sell,293544420
1750537748841,81.27,3.443,buy,293544421
1750537749926,81.26,12.396,sell,293544422
1750537752499,81.27,0.377,buy,293544423
1750537754311,81.27,0.45,buy,293544424
1750537754649,81.26,0.12,sell,293544425
1750537755166,81.26,66.792,sell,293544426
1750537755228,81.25,0.217,sell,293544427
1750537755611,81.25,0.122,buy,293544428
1750537756109,81.24,2.289,sell,293544429
1750537757134,81.25,6.155,buy,293544430
1750537757631,81.24,2.023,sell,293544431
1750537760137,81.24,0.962,sell,293544432
1750537764796,81.24,1.15,sell,293544433
1750537765781,81.24,1.034,sell,293544434
1750537768082,81.23,0.102,sell,293544435
1750537770167,81.23,6.218,sell,293544436
1750537770167,81.22,28.28,sell,293544437
1750537770169,81.21,0.068,sell,293544438
1750537771396,81.21,0.124,sell,293544439
1750537771601,81.2,0.2,sell,293544440
1750537772004,81.21,0.816,buy,293544441
1750537773638,81.2,11.251,sell,293544442
1750537774239,81.19,0.246,sell,293544443
1750537775182,81.19,1.049,buy,293544444
1750537776150,81.19,1.181,buy,293544445
1750537776510,81.19,4,buy,293544446
1750537776512,81.19,16.875,buy,293544447
1750537776514,81.19,4.44,buy,293544448
1750537776515,81.19,0.061,buy,293544449
1750537776515,81.2,3.939,buy,293544450
1750537779681,81.19,0.167,sell,293544451
1750537784364,81.19,0.189,buy,293544452
1750537784430,81.19,0.778,buy,293544453
1750537792276,81.18,6.586,sell,293544454
1750537793555,81.17,10.612,sell,293544455
1750537793671,81.16,0.254,sell,293544456
1750537794312,81.16,0.548,buy,293544457
1750537795188,81.16,0.928,buy,293544458
1750537795218,81.17,1.445,buy,293544459
1750537795777,81.17,0.514,buy,293544460
1750537797251,81.18,0.514,buy,293544461
1750537797413,81.19,2.515,buy,293544462
1750537800278,81.18,0.115,sell,293544463
1750537802456,81.17,6.418,sell,293544464
1750537802456,81.16,32.895,sell,293544465
1750537802534,81.16,0.556,buy,293544466
1750537802701,81.16,0.135,buy,293544467
1750537803377,81.15,0.148,sell,293544468
1750537804155,81.16,0.26,buy,293544469
1750537804527,81.17,1.231,buy,293544470
1750537806008,81.17,0.062,buy,293544471
1750537809404,81.16,2.234,sell,293544472
1750537811927,81.17,0.449,buy,293544473
1750537814719,81.18,0.301,buy,293544474
1750537814816,81.18,1.192,buy,293544475
1750537814828,81.18,1.181,buy,293544476
1750537815164,81.18,1.181,buy,293544477
1750537815327,81.18,10.599,buy,293544478
1750537815437,81.19,0.184,buy,293544479
1750537818896,81.18,0.297,sell,293544480
1750537821192,81.18,0.77,sell,293544481
1750537821739,81.19,3.935,buy,293544482
1750537821956,81.19,1.419,buy,293544483
1750537822171,81.18,28.122,sell,293544484
1750537823040,81.18,0.251,sell,293544485
1750537824854,81.19,1.181,buy,293544486
1750537824872,81.19,1.181,buy,293544487
1750537824893,81.19,1.181,buy,293544488
1750537824913,81.19,1.181,buy,293544489
1750537824934,81.19,1.181,buy,293544490
1750537824953,81.19,1.181,buy,293544491
1750537825079,81.18,1.658,sell,293544492
1750537826209,81.19,0.13,buy,293544493
1750537830215,81.19,5.734,sell,293544494
1750537830436,81.2,8.165,buy,293544495
1750537830450,81.2,2.239,sell,293544496
1750537831894,81.21,1.181,buy,293544497
1750537831901,81.21,19.051,buy,293544498
1750537832017,81.22,1.181,buy,293544499
1750537832020,81.22,0.065,buy,293544500
1750537832355,81.23,0.123,buy,293544501
1750537832755,81.23,0.607,buy,293544502
1750537832824,81.24,1.181,buy,293544503
1750537832836,81.24,0.195,buy,293544504
1750537832939,81.25,2.167,buy,293544505
1750537833231,81.25,0.195,buy,293544506
1750537833374,81.26,1.181,buy,293544507
1750537833455,81.25,12.961,sell,293544508
1750537835436,81.25,0.37,buy,293544509
1750537836720,81.26,0.449,buy,293544510
1750537836839,81.27,0.369,buy,293544511
1750537836841,81.27,0.148,buy,293544512
1750537836841,81.28,0.812,buy,293544513
1750537839025,81.28,0.458,buy,293544514
1750537839144,81.29,1.181,buy,293544515
1750537840623,81.28,0.089,sell,293544516
1750537841911,81.28,5.234,buy,293544517
1750537844160,81.27,0.071,sell,293544518
1750537844995,81.28,0.567,buy,293544519
1750537846454,81.28,0.101,buy,293544520
1750537846718,81.27,0.239,sell,293544521
1750537846793,81.27,6.46,sell,293544522
1750537846798,81.27,2.302,buy,293544523
1750537846853,81.26,0.217,sell,293544524
1750537847062,81.25,0.189,sell,293544525
1750537847135,81.24,6.559,sell,293544526
1750537847175,81.23,28.511,sell,293544527
1750537847181,81.23,16.15,sell,293544528
1750537847500,81.22,0.189,sell,293544529
1750537847905,81.22,0.195,buy,293544530
1750537848892,81.23,0.514,buy,293544531
1750537848892,81.24,0.667,buy,293544532
1750537848901,81.24,0.13,buy,293544533
1750537849147,81.24,0.288,sell,293544534
1750537850801,81.25,0.39,buy,293544535
1750537850801,81.26,1.41,buy,293544536
1750537854630,81.25,6.32,sell,293544537
1750537854660,81.24,0.279,sell,293544538
1750537856006,81.24,1.224,buy,293544539
1750537857168,81.24,0.195,buy,293544540
1750537860429,81.24,6.319,sell,293544541
1750537860431,81.23,0.192,sell,293544542
1750537862919,81.23,0.098,buy,293544543
1750537863201,81.23,0.26,buy,293544544
1750537864042,81.24,0.153,buy,293544545
1750537864134,81.24,0.547,buy,293544546
1750537864742,81.25,0.582,buy,293544547
1750537864867,81.26,0.52,buy,293544548
1750537864875,81.26,0.056,buy,293544549
1750537864898,81.27,0.607,buy,293544550
1750537864944,81.28,2.936,buy,293544551
1750537865738,81.28,0.579,buy,293544552
1750537865739,81.28,0.065,buy,293544553
1750537865782,81.29,0.675,buy,293544554
1750537865870,81.3,1.687,buy,293544555
1750537865879,81.29,1.714,sell,293544556
1750537865947,81.3,0.325,buy,293544557
1750537866035,81.31,1.181,buy,293544558
1750537866779,81.31,0.195,buy,293544559
1750537870205,81.32,0.582,buy,293544560
1750537872439,81.33,0.1,buy,293544561
1750537872609,81.33,0.493,buy,293544562
1750537876739,81.32,15.252,sell,293544563
1750537876826,81.32,0.704,buy,293544564
1750537876864,81.31,15.189,sell,293544565
1750537879261,81.31,2.339,buy,293544566
1750537879722,81.31,0.551,buy,293544567
1750537880106,81.3,3.674,sell,293544568
1750537883309,81.3,1.137,sell,293544569
1750537883309,81.3,1.137,sell,293544570
1750537883309,81.3,0.404,sell,293544571
1750537883400,81.29,0.189,sell,293544572
1750537887502,81.28,6.533,sell,293544573
1750537887853,81.28,0.26,buy,293544574
1750537888360,81.29,0.644,buy,293544575
1750537889658,81.3,0.618,buy,293544576
1750537889826,81.31,0.325,buy,293544577
1750537894493,81.32,0.582,buy,293544578
1750537894896,81.33,0.197,buy,293544579
1750537899352,81.33,0.252,buy,293544580
1750537899788,81.34,0.737,buy,293544581
1750537899838,81.35,1.181,buy,293544582
1750537900405,81.35,0.195,buy,293544583
1750537902548,81.35,2.314,sell,293544584
1750537902567,81.34,0.124,sell,293544585
1750537902700,81.33,0.065,sell,293544586
1750537903493,81.33,0.122,buy,293544587
1750537903908,81.33,0.766,buy,293544588
1750537904480,81.32,0.124,sell,293544589
1750537904481,81.31,0.23,sell,293544590
1750537904567,81.31,0.309,sell,293544591
1750537916877,81.32,0.065,buy,293544592
1750537916894,81.33,1.181,buy,293544593
1750537917434,81.34,0.133,buy,293544594
1750537917477,81.35,0.285,buy,293544595
1750537917560,81.35,0.973,sell,293544596
1750537917804,81.36,0.078,buy,293544597
1750537918415,81.36,0.37,buy,293544598
1750537918541,81.37,0.207,buy,293544599
1750537919193,81.38,0.356,buy,293544600
1750537919355,81.38,0.065,buy,293544601
1750537919355,81.39,0.23,buy,293544602
1750537919989,81.38,2.702,sell,293544603
1750537921236,81.39,0.068,buy,293544604
1750537921901,81.39,1.727,sell,293544605
1750537922531,81.4,4.145,buy,293544606
1750537922615,81.41,0.756,buy,293544607
1750537923048,81.42,0.307,buy,293544608
1750537923256,81.42,0.084,buy,293544609
1750537923657,81.42,0.282,sell,293544610
1750537924047,81.43,0.836,buy,293544611
1750537924066,81.44,1.181,buy,293544612
1750537924099,81.44,0.478,buy,293544613
1750537924104,81.44,1.591,sell,293544614
1750537924121,81.45,21.414,buy,293544615
1750537924121,81.45,8.103,buy,293544616
1750537924175,81.46,1.866,buy,293544617
1750537924199,81.46,10.975,buy,293544618
1750537924312,81.46,0.879,sell,293544619
1750537924326,81.47,1.181,buy,293544620
1750537924642,81.47,0.065,buy,293544621
1750537924792,81.48,8.136,buy,293544622
1750537924816,81.49,14.465,buy,293544623
1750537924816,81.49,9.436,buy,293544624
1750537924826,81.49,0.352,sell,293544625
1750537924826,81.49,0.352,sell,293544626
1750537924866,81.5,16.875,buy,293544627
1750537925468,81.5,0.065,buy,293544628
1750537926123,81.5,0.129,sell,293544629
1750537926287,81.5,0.46,sell,293544630
1750537926361,81.5,2.343,sell,293544631
1750537926855,81.5,0.105,sell,293544632
1750537926859,81.51,0.073,buy,293544633
1750537926976,81.5,22.966,sell,293544634
1750537926977,81.5,4.406,sell,293544635
1750537927016,81.49,24.732,sell,293544636
1750537929050,81.49,0.39,buy,293544637
1750537929213,81.5,1.181,buy,293544638
1750537931896,81.5,0.26,buy,293544639
1750537933601,81.5,0.929,sell,293544640
1750537933883,81.5,14.136,sell,293544641
1750537940125,81.49,0.5,buy,293544642
1750537940446,81.49,1.446,sell,293544643
1750537941838,81.5,3.23,buy,293544644
1750537941927,81.5,0.13,buy,293544645
1750537943035,81.51,0.535,buy,293544646
1750537943035,81.52,0.857,buy,293544647
1750537943037,81.52,0.068,buy,293544648
1750537944193,81.52,0.137,buy,293544649
1750537944835,81.52,0.126,buy,293544650
1750537946220,81.52,0.1,buy,293544651
1750537946293,81.52,2.175,buy,293544652
1750537948655,81.52,0.118,buy,293544653
1750537948818,81.51,0.224,sell,293544654
1750537949899,81.52,0.28,buy,293544655
1750537950303,81.52,0.651,sell,293544656
1750537951542,81.52,0.33,sell,293544657
1750537952600,81.52,0.607,sell,293544658
1750537953879,81.51,2.145,sell,293544659
1750537956941,81.52,0.522,buy,293544660
1750537957901,81.53,0.105,buy,293544661
1750537959287,81.53,0.085,buy,293544662
1750537959699,81.52,0.13,sell,293544663
1750537960044,81.53,0.705,buy,293544664
1750537960255,81.52,0.093,sell,293544665
1750537960704,81.52,0.31,sell,293544666
1750537961755,81.52,0.104,sell,293544667
1750537961758,81.53,0.14,buy,293544668
1750537963003,81.53,0.261,buy,293544669
1750537964608,81.54,3.845,buy,293544670
1750537966991,81.54,0.195,buy,293544671
1750537967046,81.55,1.038,buy,293544672
1750537967076,81.56,1.181,buy,293544673
1750537967221,81.56,1.181,buy,293544674
1750537967638,81.56,0.087,buy,293544675
1750537970558,81.55,10.407,sell,293544676
1750537970565,81.54,0.277,sell,293544677
1750537970700,81.53,0.127,sell,293544678
1750537970996,81.52,0.123,sell,293544679
1750537972524,81.52,0.646,buy,293544680
1750537972776,81.52,1.37,buy,293544681
1750537973528,81.51,1.188,sell,293544682
1750537973641,81.5,0.253,sell,293544683
1750537974441,81.49,0.46,sell,293544684
1750537974578,81.49,0.099,sell,293544685
1750537975610,81.5,12.263,buy,293544686
1750537975808,81.49,0.129,sell,293544687
1750537976119,81.49,0.123,sell,293544688
1750537976366,81.49,0.26,buy,293544689
1750537979359,81.5,0.605,buy,293544690
1750537980617,81.49,0.072,sell,293544691
1750537981206,81.48,0.133,sell,293544692
1750537981904,81.48,1.227,buy,293544693
1750537982328,81.47,0.123,sell,293544694
1750537984312,81.47,0.483,buy,293544695
1750537987559,81.46,0.83,sell,293544696
1750537987573,81.45,0.216,sell,293544697
1750537990700,81.44,0.256,sell,293544698
1750537992124,81.44,0.999,sell,293544699
1750537992400,81.44,0.065,sell,293544700
1750537992501,81.44,0.259,buy,293544701
1750537993504,81.43,0.085,buy,293544702
1750537993506,81.43,1.228,buy,293544703
1750537994992,81.43,1.108,buy,293544704
1750538000526,81.43,0.951,buy,293544705
1750538003801,81.43,0.45,buy,293544706
1750538004811,81.43,0.285,buy,293544707
1750538004909,81.42,1.183,sell,293544708
1750538005490,81.42,7.858,sell,293544709
1750538005534,81.41,0.123,sell,293544710
1750538008411,81.41,0.137,buy,293544711
1750538008706,81.41,0.304,buy,293544712
1750538009177,81.41,2.121,buy,293544713
1750538009177,81.42,35.486,buy,293544714
1750538009177,81.43,23.801,buy,293544715
1750538009504,81.43,0.556,buy,293544716
1750538012984,81.43,0.066,buy,293544717
1750538013679,81.44,0.263,buy,293544718
1750538014395,81.43,0.111,sell,293544719
1750538016612,81.43,0.319,sell,293544720
1750538017859,81.43,0.14,sell,293544721
1750538018536,81.43,2.511,sell,293544722
1750538020372,81.43,0.398,sell,293544723
1750538020426,81.43,1.266,sell,293544724
1750538021111,81.44,0.82,buy,293544725
1750538021696,81.44,0.431,buy,293544726
1750538021700,81.45,0.123,buy,293544727
1750538022393,81.46,0.188,buy,293544728
1750538022418,81.47,0.216,buy,293544729
1750538022815,81.48,0.304,buy,293544730
1750538026267,81.47,0.097,sell,293544731
1750538027000,81.46,0.312,sell,293544732
1750538035100,81.46,0.127,buy,293544733
1750538035899,81.45,0.123,sell,293544734
1750538036101,81.44,0.312,sell,293544735
1750538037115,81.43,0.123,sell,293544736
1750538037800,81.42,0.188,sell,293544737
1750538042907,81.43,0.42,buy,293544738
1750538043397,81.43,0.065,buy,293544739
1750538043429,81.44,0.216,buy,293544740
1750538045143,81.44,6.897,sell,293544741
1750538046516,81.43,0.123,sell,293544742
1750538051028,81.43,0.396,buy,293544743
1750538051069,81.44,0.123,buy,293544744
1750538059192,81.43,1.364,sell,293544745
1750538060716,81.44,2.455,buy,293544746
1750538062580,81.44,1.436,buy,293544747
1750538063012,81.44,0.488,buy,293544748
1750538066679,81.44,0.122,buy,293544749
1750538066806,81.43,5.027,sell,293544750
1750538066807,81.42,0.247,sell,293544751
1750538067596,81.42,0.93,buy,293544752
1750538068155,81.42,0.179,buy,293544753
1750538069269,81.42,0.74,sell,293544754
1750538069900,81.41,0.36,sell,293544755
1750538070761,81.41,0.124,buy,293544756
1750538071281,81.41,35.268,buy,293544757
1750538071281,81.42,94.212,buy,293544758
1750538071281,81.43,182.165,buy,293544759
1750538071281,81.44,78.647,buy,293544760
1750538071281,81.45,225.469,buy,293544761
1750538071281,81.46,67.561,buy,293544762
1750538071285,81.46,4,buy,293544763
1750538071288,81.46,6.143,buy,293544764
1750538071384,81.45,0.065,sell,293544765
1750538071700,81.44,0.065,sell,293544766
1750538074201,81.43,0.179,sell,293544767
1750538076290,81.44,0.5,buy,293544768
1750538076362,81.43,6.148,sell,293544769
1750538076364,81.42,3.468,sell,293544770
1750538077251,81.41,0.191,sell,293544771
1750538077790,81.4,6.397,sell,293544772
1750538077829,81.39,0.256,sell,293544773
1750538077952,81.39,0.612,buy,293544774
1750538078352,81.39,0.592,buy,293544775
1750538079780,81.38,0.375,sell,293544776
1750538079842,81.38,1.491,sell,293544777
1750538084121,81.4,0.749,buy,293544778
1750538084233,81.39,0.213,sell,293544779
1750538085419,81.39,0.995,sell,293544780
1750538085502,81.39,1.227,buy,293544781
1750538086200,81.38,0.189,sell,293544782
1750538087818,81.37,1.799,sell,293544783
1750538089800,81.36,0.195,sell,293544784
1750538091193,81.35,0.124,sell,293544785
1750538091219,81.34,0.901,sell,293544786
1750538092307,81.34,0.065,sell,293544787
1750538092307,81.33,0.535,sell,293544788
1750538093104,81.33,0.106,sell,293544789
1750538093491,81.32,0.6,sell,293544790
1750538098204,81.33,0.177,buy,293544791
1750538099392,81.32,13.052,sell,293544792
1750538099394,81.31,0.124,sell,293544793
1750538100789,81.31,0.279,buy,293544794
1750538100899,81.3,0.2,sell,293544795
1750538102171,81.32,0.458,buy,293544796
1750538103103,81.32,0.39,buy,293544797
1750538104032,81.32,6.291,buy,293544798
1750538105029,81.32,20.158,buy,293544799
1750538105062,81.33,0.093,buy,293544800
1750538105503,81.34,2.011,buy,293544801
1750538105656,81.34,0.189,buy,293544802
1750538105690,81.35,0.217,buy,293544803
1750538105966,81.36,12.237,buy,293544804
1750538106033,81.37,1.181,buy,293544805
1750538107024,81.37,0.124,buy,293544806
1750538108353,81.38,11.507,buy,293544807
1750538108592,81.38,0.348,sell,293544808
1750538113803,81.39,1.228,buy,293544809
1750538115334,81.38,0.777,sell,293544810
1750538116022,81.4,0.25,buy,293544811
1750538116022,81.41,3.803,buy,293544812
1750538117299,81.41,0.123,buy,293544813
1750538126110,81.42,0.191,buy,293544814
1750538130618,81.43,0.124,buy,293544815
1750538132407,81.43,0.064,buy,293544816
1750538132407,81.44,0.386,buy,293544817
1750538133479,81.44,0.489,buy,293544818
1750538138234,81.44,2.45,buy,293544819
1750538139423,81.45,0.374,buy,293544820
1750538139553,81.45,0.191,buy,293544821
1750538139634,81.45,0.862,sell,293544822
1750538144203,81.46,19.355,buy,293544823
1750538144204,81.46,9.023,buy,293544824
1750538144205,81.46,9.023,buy,293544825
1750538144205,81.46,6.387,buy,293544826
1750538144205,81.46,0.065,buy,293544827
1750538144297,81.47,1.36,buy,293544828
1750538146194,81.48,0.614,buy,293544829
1750538146198,81.48,0.256,buy,293544830
1750538146470,81.49,0.133,buy,293544831
1750538146746,81.5,0.191,buy,293544832
1750538149742,81.5,55.283,sell,293544833
1750538149745,81.49,3.258,sell,293544834
1750538149990,81.49,0.691,buy,293544835
1750538154054,81.49,0.26,buy,293544836
1750538158493,81.5,0.513,buy,293544837
1750538158717,81.5,1.997,sell,293544838
1750538158803,81.51,0.581,buy,293544839
1750538159695,81.52,4.905,buy,293544840
1750538160622,81.51,0.3,sell,293544841
1750538160790,81.5,0.188,sell,293544842
1750538160806,81.49,0.393,sell,293544843
1750538162601,81.48,0.279,sell,293544844
1750538166952,81.47,0.875,sell,293544845
1750538167511,81.47,0.411,buy,293544846
1750538170652,81.46,0.649,sell,293544847
1750538174699,81.45,0.201,sell,293544848
1750538176142,81.45,0.437,buy,293544849
1750538187955,81.45,0.082,buy,293544850
1750538188784,81.45,0.718,buy,293544851
1750538191511,81.45,1.385,buy,293544852
1750538200355,81.45,0.095,buy,293544853
1750538201600,81.45,1.529,buy,293544854
1750538206823,81.45,1.9,buy,293544855
1750538208471,81.44,2.458,sell,293544856
1750538211614,81.45,0.688,buy,293544857
1750538214926,81.44,0.204,sell,293544858
1750538216479,81.45,3.438,buy,293544859
1750538216712,81.46,0.513,buy,293544860
1750538216972,81.46,0.999,sell,293544861
1750538219177,81.47,0.235,buy,293544862
1750538219537,81.47,0.222,buy,293544863
1750538219540,81.47,0.13,buy,293544864
1750538223652,81.47,1.578,sell,293544865
1750538226168,81.48,0.581,buy,293544866
1750538229888,81.49,15.524,buy,293544867
1750538229960,81.49,0.507,sell,293544868
1750538230250,81.5,0.643,buy,293544869
1750538230355,81.51,1.655,buy,293544870
1750538230928,81.52,0.643,buy,293544871
1750538231684,81.53,0.52,buy,293544872
1750538231686,81.53,0.061,buy,293544873
1750538231783,81.54,0.643,buy,293544874
1750538232060,81.55,0.098,buy,293544875
1750538234173,81.55,0.581,buy,293544876
1750538234173,81.56,0.348,buy,293544877
1750538234243,81.55,0.495,sell,293544878
1750538235639,81.55,9.649,sell,293544879
1750538235915,81.53,0.323,sell,293544880
1750538239815,81.53,0.749,sell,293544881
1750538241205,81.53,0.297,buy,293544882
1750538241563,81.52,6.32,sell,293544883
1750538241587,81.51,0.307,sell,293544884
1750538241688,81.51,1.346,buy,293544885
1750538242100,81.5,0.256,sell,293544886
1750538242822,81.5,0.195,buy,293544887
1750538243263,81.51,0.106,buy,293544888
1750538243400,81.5,0.065,sell,293544889
1750538244900,81.49,0.297,sell,293544890
1750538247119,81.49,0.074,sell,293544891
1750538248866,81.5,74.938,buy,293544892
1750538248866,81.51,49.378,buy,293544893
1750538252142,81.5,0.324,sell,293544894
1750538252200,81.51,0.26,buy,293544895
1750538257118,81.52,1.02,buy,293544896
1750538258095,81.52,1.227,buy,293544897
1750538259578,81.52,0.461,buy,293544898
1750538261506,81.52,0.751,buy,293544899
1750538262270,81.51,0.141,sell,293544900
1750538264683,81.52,0.18,buy,293544901
1750538264735,81.51,1.981,sell,293544902
1750538265158,81.51,0.242,sell,293544903
1750538276160,81.52,0.801,buy,293544904
1750538277279,81.52,1.259,buy,293544905
1750538278729,81.52,12.205,buy,293544906
1750538278993,81.52,16.989,buy,293544907
1750538279029,81.52,1.21,sell,293544908
1750538279334,81.52,1.261,sell,293544909
1750538279831,81.52,0.811,sell,293544910
1750538280173,81.52,0.803,sell,293544911
1750538281050,81.52,20.792,sell,293544912
1750538281051,81.52,22.472,sell,293544913
1750538281051,81.52,52.119,sell,293544914
1750538281547,81.51,0.202,sell,293544915
1750538282501,81.5,0.256,sell,293544916
1750538289736,81.49,0.191,sell,293544917
1750538290500,81.49,0.123,buy,293544918
1750538296113,81.48,1.41,sell,293544919
1750538296114,81.47,0.191,sell,293544920
1750538296214,81.46,0.905,sell,293544921
1750538300400,81.46,0.358,sell,293544922
1750538303146,81.45,0.191,sell,293544923
1750538304543,81.45,0.922,buy,293544924
1750538308898,81.45,0.708,sell,293544925
1750538309378,81.46,0.489,buy,293544926
1750538312097,81.45,0.111,sell,293544927
1750538312968,81.45,7.428,sell,293544928
1750538314180,81.45,2.456,buy,293544929
1750538316190,81.45,1.929,buy,293544930
1750538316835,81.45,6.608,buy,293544931
1750538317561,81.45,0.344,buy,293544932
1750538318885,81.45,4.259,sell,293544933
1750538319755,81.46,0.157,buy,293544934
1750538319854,81.45,0.083,sell,293544935
1750538321367,81.46,0.298,buy,293544936
1750538321635,81.47,0.513,buy,293544937
1750538322176,81.48,0.513,buy,293544938
1750538322766,81.49,0.124,buy,293544939
1750538324237,81.49,3.29,buy,293544940
1750538324811,81.49,0.857,buy,293544941
1750538325804,81.49,0.704,buy,293544942
1750538331116,81.48,0.615,sell,293544943
1750538332203,81.49,0.432,buy,293544944
1750538333063,81.5,0.789,buy,293544945
1750538333105,81.51,0.606,buy,293544946
1750538338201,81.5,0.442,sell,293544947
1750538338236,81.49,0.123,sell,293544948
1750538339759,81.48,1.412,sell,293544949
1750538341654,81.49,0.195,buy,293544950
1750538341764,81.49,0.669,sell,293544951
1750538342432,81.5,0.981,buy,293544952
1750538342552,81.5,0.271,sell,293544953
1750538342724,81.51,0.513,buy,293544954
1750538343164,81.52,0.513,buy,293544955
1750538346516,81.52,1.232,sell,293544956
1750538346518,81.51,0.123,sell,293544957
1750538346787,81.5,6.477,sell,293544958
1750538348018,81.51,1.226,buy,293544959
1750538349266,81.5,0.395,sell,293544960
1750538350407,81.51,0.086,buy,293544961
1750538351496,81.51,1,buy,293544962
1750538351651,81.5,0.062,sell,293544963
1750538352355,81.5,0.146,sell,293544964
1750538353979,81.51,0.521,buy,293544965
1750538354742,81.51,0.245,buy,293544966
1750538356913,81.51,0.637,buy,293544967
1750538358872,81.52,0.513,buy,293544968
1750538358941,81.52,0.829,sell,293544969
1750538362329,81.53,0.797,buy,293544970
1750538363093,81.52,1.228,sell,293544971
1750538364062,81.52,0.069,sell,293544972
1750538365795,81.53,0.266,buy,293544973
1750538367056,81.52,0.408,sell,293544974
1750538372194,81.53,0.797,buy,293544975
1750538374111,81.52,9.99,sell,293544976
1750538375569,81.52,0.861,sell,293544977
1750538377841,81.52,0.254,sell,293544978
1750538378140,81.52,0.308,sell,293544979
1750538379612,81.53,0.061,buy,293544980
1750538382775,81.52,1.054,sell,293544981
1750538382780,81.52,0.462,buy,293544982
1750538382786,81.51,0.215,sell,293544983
1750538383721,81.5,7.164,sell,293544984
1750538386486,81.51,0.111,buy,293544985
1750538386656,81.51,4.289,buy,293544986
1750538388104,81.52,0.513,buy,293544987
1750538388241,81.52,0.265,sell,293544988
1750538388564,81.52,12.057,sell,293544989
1750538388724,81.51,0.65,sell,293544990
1750538388818,81.5,4.775,sell,293544991
1750538388824,81.49,0.284,sell,293544992
1750538388934,81.48,0.372,sell,293544993
1750538389200,81.48,0.256,sell,293544994
1750538389700,81.47,3.267,sell,293544995
1750538397718,81.48,1.055,buy,293544996
1750538400188,81.47,0.301,sell,293544997
1750538401478,81.48,1.109,buy,293544998
1750538401478,81.48,1.109,buy,293544999
1750538401478,81.48,1.109,buy,293545000
1750538401478,81.48,0.079,buy,293545001
1750538401554,81.48,0.354,sell,293545002
1750538401685,81.48,0.117,sell,293545003
1750538403128,81.49,0.513,buy,293545004
1750538404361,81.5,0.513,buy,293545005
1750538404515,81.51,0.122,buy,293545006
1750538406458,81.51,0.456,buy,293545007
1750538406545,81.51,0.626,sell,293545008
1750538406840,81.51,0.62,sell,293545009
1750538407121,81.51,0.272,sell,293545010
1750538408472,81.51,0.267,sell,293545011
1750538411014,81.52,0.513,buy,293545012
1750538411136,81.52,0.786,sell,293545013
1750538411420,81.52,0.78,sell,293545014
1750538411732,81.52,0.668,sell,293545015
1750538412032,81.52,0.539,sell,293545016
1750538412581,81.52,0.382,sell,293545017
1750538413076,81.52,0.378,sell,293545018
1750538413385,81.52,0.356,sell,293545019
1750538414158,81.52,0.371,sell,293545020
1750538414873,81.52,0.367,sell,293545021
1750538415305,81.52,0.363,sell,293545022
1750538416071,81.52,0.36,sell,293545023
1750538416455,81.52,0.317,sell,293545024
1750538416768,81.52,0.314,sell,293545025
1750538417132,81.52,0.317,sell,293545026
1750538417352,81.52,0.473,sell,293545027
1750538417569,81.52,0.309,sell,293545028
1750538418048,81.52,0.352,sell,293545029
1750538418794,81.53,0.616,buy,293545030
1750538425712,81.53,42.931,buy,293545031
1750538425837,81.53,1.068,sell,293545032
1750538426343,81.53,1.207,sell,293545033
1750538426635,81.53,1.195,sell,293545034
1750538428852,81.53,0.979,sell,293545035
1750538429140,81.53,0.97,sell,293545036
1750538429428,81.53,0.96,sell,293545037
1750538429937,81.53,0.486,sell,293545038
1750538430420,81.53,0.488,sell,293545039
1750538433154,81.54,0.259,buy,293545040
1750538434077,81.54,38.094,buy,293545041
1750538434077,81.54,17.36,buy,293545042
1750538434078,81.54,23.514,buy,293545043
1750538434078,81.54,15.5,buy,293545044
1750538434078,81.54,9.86,buy,293545045
1750538434079,81.54,11.884,buy,293545046
1750538434110,81.54,13.27,buy,293545047
1750538434110,81.54,14.05,buy,293545048
1750538434111,81.54,81.42,buy,293545049
1750538434113,81.54,7.845,buy,293545050
1750538434138,81.54,5.951,buy,293545051
1750538434138,81.54,3.376,buy,293545052
1750538434139,81.54,0.905,buy,293545053
1750538434178,81.54,0.25,buy,293545054
1750538434699,81.54,4.342,buy,293545055
1750538437436,81.54,0.062,buy,293545056
1750538438586,81.54,0.49,buy,293545057
1750538441094,81.53,0.359,sell,293545058
1750538441493,81.53,0.356,sell,293545059
1750538441796,81.53,0.352,sell,293545060
1750538442632,81.53,22.676,sell,293545061
1750538442638,81.52,0.123,sell,293545062
1750538442638,81.51,5.547,sell,293545063
1750538442638,81.51,6.133,sell,293545064
1750538442678,81.52,20,buy,293545065
1750538445155,81.51,0.099,sell,293545066
1750538446092,81.52,0.613,buy,293545067
1750538446718,81.52,0.221,buy,293545068
1750538447461,81.51,0.99,sell,293545069
1750538447468,81.51,0.282,buy,293545070
1750538448529,81.51,1.223,buy,293545071
1750538449904,81.5,9.602,sell,293545072
1750538449954,81.49,0.284,sell,293545073
1750538451353,81.49,4.614,buy,293545074
1750538451670,81.48,0.273,sell,293545075
1750538452212,81.48,0.488,buy,293545076
1750538453104,81.48,0.26,buy,293545077
1750538457503,81.47,0.256,sell,293545078
1750538457956,81.46,0.28,sell,293545079
1750538458348,81.47,0.061,buy,293545080
1750538460242,81.46,0.191,sell,293545081
1750538461465,81.46,0.26,buy,293545082
1750538462341,81.47,0.513,buy,293545083
