timestamp,price,quantity,side,tradeId
1750546800100,80.23,0.398,buy,293562679
1750546800319,80.24,0.32,buy,293562680
1750546801449,80.25,9.117,buy,293562681
1750546801452,80.26,0.389,buy,293562682
1750546801689,80.26,8.191,sell,293562683
1750546801693,80.26,0.196,sell,293562684
1750546801744,80.25,0.48,sell,293562685
1750546802457,80.24,3.226,sell,293562686
1750546802542,80.24,0.286,sell,293562687
1750546802643,80.24,0.236,sell,293562688
1750546806023,80.24,0.194,buy,293562689
1750546806800,80.24,0.118,buy,293562690
1750546807887,80.23,1.449,sell,293562691
1750546807921,80.22,1.181,sell,293562692
1750546808347,80.23,0.103,buy,293562693
1750546812101,80.24,19.617,buy,293562694
1750546812109,80.25,0.284,buy,293562695
1750546814716,80.25,12.372,sell,293562696
1750546816842,80.26,0.221,buy,293562697
1750546822961,80.25,0.623,sell,293562698
1750546823872,80.25,11.107,sell,293562699
1750546824249,80.25,0.942,sell,293562700
1750546833968,80.26,0.292,buy,293562701
1750546836053,80.26,0.189,sell,293562702
1750546836188,80.26,11.11,sell,293562703
1750546836862,80.27,1.363,buy,293562704
1750546839057,80.28,0.082,buy,293562705
1750546839072,80.28,12.778,buy,293562706
1750546839074,80.28,0.124,buy,293562707
1750546839080,80.28,0.675,sell,293562708
1750546839762,80.29,0.062,buy,293562709
1750546842235,80.28,11.106,sell,293562710
1750546842453,80.28,7.983,sell,293562711
1750546842456,80.28,0.185,sell,293562712
1750546842699,80.28,0.912,buy,293562713
1750546842911,80.28,23.363,buy,293562714
1750546842938,80.28,0.116,buy,293562715
1750546845397,80.28,4.576,buy,293562716
1750546846359,80.28,11.739,sell,293562717
1750546847555,80.28,0.085,sell,293562718
1750546848333,80.28,22.172,sell,293562719
1750546849511,80.29,0.416,buy,293562720
1750546853521,80.28,0.245,sell,293562721
1750546854672,80.29,0.125,buy,293562722
1750546856736,80.28,3.796,sell,293562723
1750546856869,80.28,0.262,sell,293562724
1750546857917,80.28,0.572,sell,293562725
1750546857917,80.27,0.246,sell,293562726
1750546860250,80.28,0.274,buy,293562727
1750546860444,80.28,29.984,buy,293562728
1750546860444,80.28,2.973,buy,293562729
1750546864107,80.29,0.1,buy,293562730
1750546866037,80.29,2.15,buy,293562731
1750546866038,80.29,7.536,buy,293562732
1750546868281,80.3,2.383,buy,293562733
1750546868281,80.31,2.174,buy,293562734
1750546872025,80.31,1.94,buy,293562735
1750546875735,80.31,6.225,buy,293562736
1750546878721,80.3,3.354,sell,293562737
1750546878723,80.3,0.065,sell,293562738
1750546881701,80.29,1.703,sell,293562739
1750546881704,80.28,1.006,sell,293562740
1750546881713,80.28,0.13,sell,293562741
1750546885413,80.28,0.265,buy,293562742
1750546888868,80.28,2.6,buy,293562743
1750546890834,80.27,0.326,sell,293562744
1750546891814,80.28,0.132,buy,293562745
1750546893857,80.27,5.861,sell,293562746
1750546894869,80.27,0.658,sell,293562747
1750546896051,80.26,0.206,sell,293562748
1750546896059,80.26,0.63,sell,293562749
1750546896059,80.25,1.663,sell,293562750
1750546896061,80.25,0.065,sell,293562751
1750546896162,80.24,1.181,sell,293562752
1750546898365,80.24,0.46,sell,293562753
1750546898867,80.23,1.168,sell,293562754
1750546899075,80.23,9.752,sell,293562755
1750546899568,80.23,0.13,sell,293562756
1750546900648,80.22,1.753,sell,293562757
1750546903947,80.23,0.172,buy,293562758
1750546904445,80.22,0.518,sell,293562759
1750546904778,80.21,1.419,sell,293562760
1750546905791,80.22,0.374,buy,293562761
1750546906525,80.22,0.26,buy,293562762
1750546907725,80.22,0.278,sell,293562763
1750546907781,80.22,6.221,sell,293562764
1750546908515,80.22,0.26,sell,293562765
1750546909033,80.22,1.246,buy,293562766
1750546909508,80.21,0.624,sell,293562767
1750546910515,80.21,7.538,sell,293562768
1750546910573,80.2,0.624,sell,293562769
1750546911496,80.2,48.684,sell,293562770
1750546911557,80.19,2.389,sell,293562771
1750546911568,80.19,0.624,sell,293562772
1750546911575,80.19,0.12,sell,293562773
1750546911892,80.19,5.029,buy,293562774
1750546913482,80.19,46.23,buy,293562775
1750546913483,80.19,0.065,buy,293562776
1750546913500,80.2,0.391,buy,293562777
1750546918801,80.21,0.416,buy,293562778
1750546920992,80.21,43.092,buy,293562779
1750546920997,80.22,0.419,buy,293562780
1750546921627,80.23,3.866,buy,293562781
1750546923200,80.23,0.46,buy,293562782
1750546925003,80.23,0.155,sell,293562783
1750546926160,80.23,0.624,sell,293562784
1750546926593,80.23,0.58,sell,293562785
1750546927165,80.24,0.139,buy,293562786
1750546930075,80.24,1.553,buy,293562787
1750546931292,80.23,8.053,sell,293562788
1750546931292,80.22,12.413,sell,293562789
1750546935342,80.23,0.577,buy,293562790
1750546935927,80.22,2.259,sell,293562791
1750546935933,80.22,0.514,sell,293562792
1750546936161,80.21,6.812,sell,293562793
1750546936661,80.21,0.332,sell,293562794
1750546936719,80.2,1.966,sell,293562795
1750546938632,80.2,0.629,sell,293562796
1750546938773,80.19,0.45,sell,293562797
1750546940965,80.18,0.46,sell,293562798
1750546941006,80.17,6.89,sell,293562799
1750546941137,80.17,0.13,sell,293562800
1750546942488,80.17,0.379,buy,293562801
1750546943896,80.17,53.802,buy,293562802
1750546943896,80.18,0.391,buy,293562803
1750546943901,80.19,6.238,buy,293562804
1750546943904,80.19,0.419,buy,293562805
1750546944482,80.19,0.195,sell,293562806
1750546944934,80.19,0.48,buy,293562807
1750546946700,80.18,0.516,sell,293562808
1750546947313,80.17,0.45,sell,293562809
1750546948855,80.16,0.105,sell,293562810
1750546949951,80.17,3.162,buy,293562811
1750546949959,80.17,0.229,buy,293562812
1750546950735,80.17,0.548,sell,293562813
1750546951853,80.17,3.234,sell,293562814
1750546952020,80.17,0.325,sell,293562815
1750546952269,80.16,0.312,sell,293562816
1750546954398,80.17,0.325,buy,293562817
1750546955326,80.18,0.516,buy,293562818
1750546957003,80.18,0.835,sell,293562819
1750546957320,80.18,0.26,sell,293562820
1750546957926,80.18,0.44,buy,293562821
1750546958007,80.18,2.676,buy,293562822
1750546961055,80.18,0.145,buy,293562823
1750546965421,80.18,0.61,buy,293562824
1750546967600,80.17,12.285,sell,293562825
1750546967600,80.17,0.065,sell,293562826
1750546967926,80.16,1.94,sell,293562827
1750546967928,80.16,0.064,sell,293562828
1750546969191,80.16,0.463,buy,293562829
1750546972355,80.15,0.089,sell,293562830
1750546972500,80.16,0.635,buy,293562831
1750546976742,80.15,9.571,sell,293562832
1750546977821,80.16,1.317,buy,293562833
1750546979008,80.15,0.449,sell,293562834
1750546985099,80.15,1.492,sell,293562835
1750546985103,80.15,0.131,sell,293562836
1750546985108,80.15,0.131,sell,293562837
1750546986115,80.15,0.131,sell,293562838
1750546986117,80.15,0.065,sell,293562839
1750546986257,80.15,0.196,sell,293562840
1750546986257,80.14,0.585,sell,293562841
1750546986257,80.13,0.371,sell,293562842
1750546986524,80.13,0.276,sell,293562843
1750546986702,80.12,1,sell,293562844
1750546991483,80.13,1,buy,293562845
1750546992089,80.12,0.326,sell,293562846
1750546992245,80.11,0.394,sell,293562847
1750546992342,80.11,0.452,buy,293562848
1750546992738,80.11,0.694,buy,293562849
1750546992915,80.1,0.585,sell,293562850
1750546993311,80.09,0.585,sell,293562851
1750546994100,80.08,0.648,sell,293562852
1750546996400,80.08,0.69,buy,293562853
1750546996547,80.09,1.36,buy,293562854
1750546996588,80.1,0.45,buy,293562855
1750546998202,80.1,0.26,sell,293562856
1750546999645,80.09,1.699,sell,293562857
1750547000921,80.1,0.26,buy,293562858
1750547001441,80.11,16.233,buy,293562859
1750547001642,80.12,0.325,buy,293562860
1750547004368,80.12,0.309,sell,293562861
1750547010133,80.13,0.976,buy,293562862
1750547010134,80.13,0.191,buy,293562863
1750547011396,80.14,0.14,buy,293562864
1750547011700,80.14,0.376,buy,293562865
1750547015078,80.15,0.1,buy,293562866
1750547016491,80.14,1.903,sell,293562867
1750547025116,80.14,0.248,sell,293562868
1750547025384,80.15,0.258,buy,293562869
1750547027913,80.15,0.762,buy,293562870
1750547033540,80.15,5.689,buy,293562871
1750547033628,80.15,3.743,buy,293562872
1750547038044,80.15,13.493,buy,293562873
1750547040077,80.14,7.25,sell,293562874
1750547040285,80.14,0.062,buy,293562875
1750547042465,80.14,2.063,buy,293562876
1750547042465,80.14,0.537,buy,293562877
1750547042511,80.15,0.787,buy,293562878
1750547042600,80.15,0.326,buy,293562879
1750547043011,80.16,6.69,buy,293562880
1750547043177,80.17,3.516,buy,293562881
1750547043314,80.18,0.394,buy,293562882
1750547043355,80.19,0.361,buy,293562883
1750547043762,80.19,8.455,buy,293562884
1750547044823,80.2,0.585,buy,293562885
1750547044871,80.21,0.45,buy,293562886
1750547048516,80.21,5.316,sell,293562887
1750547050168,80.21,2.174,sell,293562888
1750547051520,80.22,0.585,buy,293562889
1750547060372,80.23,0.585,buy,293562890
1750547060372,80.24,1.195,buy,293562891
1750547060504,80.24,0.13,buy,293562892
1750547061693,80.24,2.031,sell,293562893
1750547064484,80.23,1.681,sell,293562894
1750547065367,80.23,0.26,buy,293562895
1750547066576,80.23,1.151,sell,293562896
1750547067778,80.24,0.395,buy,293562897
1750547068655,80.24,0.109,buy,293562898
1750547070354,80.23,0.26,sell,293562899
1750547071449,80.23,0.289,buy,293562900
1750547074406,80.23,1.217,buy,293562901
1750547077969,80.23,5.838,buy,293562902
1750547079312,80.22,0.325,sell,293562903
1750547079436,80.22,0.191,sell,293562904
1750547080699,80.22,1.086,sell,293562905
1750547080701,80.21,0.45,sell,293562906
1750547082701,80.2,0.585,sell,293562907
1750547086262,80.2,0.325,buy,293562908
1750547088485,80.2,0.261,sell,293562909
1750547090625,80.2,0.195,buy,293562910
1750547094536,80.2,5.678,sell,293562911
1750547101041,80.19,5.006,sell,293562912
1750547104402,80.19,11.953,buy,293562913
1750547104403,80.19,0.065,buy,293562914
1750547105842,80.2,0.703,buy,293562915
1750547107608,80.2,0.326,buy,293562916
1750547107733,80.21,0.45,buy,293562917
1750547108806,80.21,0.393,sell,293562918
1750547109457,80.21,0.195,sell,293562919
1750547110748,80.21,0.195,buy,293562920
1750547111121,80.21,0.195,buy,293562921
1750547111482,80.22,6.997,buy,293562922
1750547112070,80.22,0.325,sell,293562923
1750547112878,80.22,0.167,buy,293562924
1750547114435,80.22,4.983,buy,293562925
1750547116855,80.21,0.395,sell,293562926
1750547120038,80.21,0.126,sell,293562927
1750547120186,80.21,0.07,sell,293562928
1750547129852,80.22,0.906,buy,293562929
1750547129919,80.23,0.585,buy,293562930
1750547131219,80.24,0.738,buy,293562931
1750547133636,80.24,0.13,buy,293562932
1750547139918,80.25,0.136,buy,293562933
1750547141104,80.25,3.798,buy,293562934
1750547142197,80.25,0.493,buy,293562935
1750547144944,80.25,0.142,buy,293562936
1750547149110,80.25,0.741,buy,293562937
1750547152810,80.25,0.963,buy,293562938
1750547156833,80.25,0.807,buy,293562939
1750547159315,80.25,3.264,buy,293562940
1750547163596,80.25,6.803,buy,293562941
1750547163596,80.26,1.103,buy,293562942
1750547165037,80.26,23.109,buy,293562943
1750547165037,80.27,17.875,buy,293562944
1750547165038,80.27,7.498,buy,293562945
1750547168703,80.27,2.904,sell,293562946
1750547168851,80.26,0.45,sell,293562947
1750547169061,80.25,0.558,sell,293562948
1750547169067,80.25,0.196,sell,293562949
1750547169544,80.24,0.325,sell,293562950
1750547169627,80.24,1.994,buy,293562951
1750547172622,80.23,1.459,sell,293562952
1750547172645,80.22,0.648,sell,293562953
1750547175036,80.21,2.497,sell,293562954
1750547175243,80.21,1,sell,293562955
1750547175364,80.22,0.174,buy,293562956
1750547179540,80.22,0.325,buy,293562957
1750547186511,80.22,0.41,sell,293562958
1750547188755,80.23,0.09,buy,293562959
1750547193885,80.23,0.249,buy,293562960
1750547195200,80.23,0.183,buy,293562961
1750547195786,80.24,10.71,buy,293562962
1750547196400,80.25,0.585,buy,293562963
1750547197110,80.26,0.585,buy,293562964
1750547200555,80.27,0.131,buy,293562965
1750547204029,80.27,0.585,buy,293562966
1750547205611,80.28,0.2,buy,293562967
1750547207309,80.27,0.328,sell,293562968
1750547207495,80.27,0.131,buy,293562969
1750547213817,80.27,0.325,buy,293562970
1750547214406,80.27,0.517,sell,293562971
1750547217900,80.28,0.585,buy,293562972
1750547219606,80.29,0.585,buy,293562973
1750547219653,80.3,9.353,buy,293562974
1750547220131,80.3,0.195,sell,293562975
1750547222334,80.3,0.325,buy,293562976
1750547224354,80.31,0.369,buy,293562977
1750547224704,80.3,1.216,sell,293562978
1750547224706,80.3,0.065,sell,293562979
1750547225097,80.29,0.894,sell,293562980
1750547225635,80.28,0.425,sell,293562981
1750547226204,80.27,0.081,sell,293562982
1750547227424,80.28,0.078,buy,293562983
1750547228575,80.27,0.578,sell,293562984
1750547230068,80.27,30.393,buy,293562985
1750547234851,80.26,0.637,sell,293562986
1750547234851,80.26,0.065,sell,293562987
1750547235040,80.25,0.45,sell,293562988
1750547237000,80.24,0.662,sell,293562989
1750547237149,80.23,0.45,sell,293562990
1750547237743,80.22,2,sell,293562991
1750547240333,80.22,0.394,sell,293562992
1750547241896,80.21,0.466,sell,293562993
1750547242578,80.21,0.26,buy,293562994
1750547242866,80.21,0.26,sell,293562995
1750547243800,80.2,0.46,sell,293562996
1750547245529,80.19,0.394,sell,293562997
1750547246311,80.19,0.217,buy,293562998
1750547246879,80.18,1.841,sell,293562999
1750547250804,80.18,0.859,sell,293563000
1750547259441,80.19,4.382,buy,293563001
1750547259545,80.2,0.45,buy,293563002
1750547259940,80.21,0.516,buy,293563003
1750547261028,80.22,0.45,buy,293563004
1750547261812,80.23,1.072,buy,293563005
1750547263062,80.22,0.225,sell,293563006
1750547264009,80.22,0.195,sell,293563007
1750547267541,80.22,3.548,buy,293563008
1750547267735,80.22,0.81,buy,293563009
1750547269083,80.22,0.325,buy,293563010
1750547269462,80.23,0.516,buy,293563011
1750547269462,80.24,12.845,buy,293563012
1750547269463,80.24,14.961,buy,293563013
1750547269463,80.24,10.143,buy,293563014
1750547269463,80.24,10.068,buy,293563015
1750547269463,80.24,2.106,buy,293563016
1750547269577,80.25,0.752,buy,293563017
1750547270731,80.26,0.585,buy,293563018
1750547272044,80.26,0.325,sell,293563019
1750547278357,80.25,7.397,sell,293563020
1750547278369,80.24,0.45,sell,293563021
1750547282458,80.24,0.325,buy,293563022
1750547285404,80.24,1.427,sell,293563023
1750547285680,80.23,0.45,sell,293563024
1750547287442,80.22,0.516,sell,293563025
1750547288682,80.21,0.394,sell,293563026
1750547293471,80.2,0.664,sell,293563027
1750547293471,80.19,10.681,sell,293563028
1750547300405,80.19,5.34,sell,293563029
1750547303100,80.18,5.497,sell,293563030
1750547303101,80.18,0.065,sell,293563031
1750547307134,80.18,0.238,buy,293563032
1750547308907,80.18,0.325,buy,293563033
1750547316490,80.19,0.599,buy,293563034
1750547316965,80.18,0.26,sell,293563035
1750547323449,80.17,5.697,sell,293563036
1750547323450,80.17,0.065,sell,293563037
1750547327720,80.16,24.849,sell,293563038
1750547327721,80.16,17.04,sell,293563039
1750547327721,80.16,12.248,sell,293563040
1750547330412,80.15,10.614,sell,293563041
1750547330677,80.15,37.959,sell,293563042
1750547330677,80.15,25.431,sell,293563043
1750547330680,80.14,4,sell,293563044
1750547330681,80.14,37.43,sell,293563045
1750547330685,80.14,0.13,sell,293563046
1750547330687,80.14,4.591,buy,293563047
1750547330688,80.14,1.247,buy,293563048
1750547330689,80.14,1.098,buy,293563049
1750547330689,80.14,4.591,buy,293563050
1750547330689,80.14,1.098,buy,293563051
1750547330689,80.14,1.098,buy,293563052
1750547330689,80.14,1.098,buy,293563053
1750547330690,80.14,1.098,buy,293563054
1750547330690,80.14,1.098,buy,293563055
1750547330690,80.14,1.098,buy,293563056
1750547330690,80.14,1.098,buy,293563057
1750547330690,80.14,1.098,buy,293563058
1750547330690,80.14,1.098,buy,293563059
1750547330690,80.14,16.785,buy,293563060
1750547330690,80.14,1.098,buy,293563061
1750547330690,80.14,1.098,buy,293563062
1750547330690,80.14,1.098,buy,293563063
1750547330690,80.14,4.591,buy,293563064
1750547330690,80.14,1.098,buy,293563065
1750547330691,80.14,1.098,buy,293563066
1750547330691,80.14,4.591,buy,293563067
1750547330691,80.14,4.591,buy,293563068
1750547330691,80.14,1.098,buy,293563069
1750547330692,80.14,13.188,buy,293563070
1750547330694,80.14,3.464,buy,293563071
1750547330695,80.14,3.464,buy,293563072
1750547330695,80.14,1.098,buy,293563073
1750547330695,80.14,3.464,buy,293563074
1750547330696,80.14,3.98,buy,293563075
1750547330699,80.14,11.446,buy,293563076
1750547330701,80.14,4.591,buy,293563077
1750547330702,80.14,4.591,buy,293563078
1750547330702,80.14,4.591,buy,293563079
1750547330702,80.14,4.591,buy,293563080
1750547330703,80.14,5.603,buy,293563081
1750547330704,80.14,4.591,buy,293563082
1750547330704,80.14,1.143,buy,293563083
1750547330706,80.14,1.122,buy,293563084
1750547332260,80.14,4.565,sell,293563085
1750547335801,80.14,0.822,sell,293563086
1750547337913,80.15,5.585,buy,293563087
1750547337915,80.15,1.546,buy,293563088
1750547337916,80.15,6.223,buy,293563089
1750547338768,80.15,35.644,buy,293563090
1750547338801,80.15,10.682,buy,293563091
1750547338944,80.16,0.325,buy,293563092
1750547340320,80.16,122.908,sell,293563093
1750547340322,80.16,0.065,sell,293563094
1750547340327,80.15,6.24,sell,293563095
1750547340345,80.15,4,sell,293563096
1750547340500,80.15,46.621,sell,293563097
1750547340521,80.14,0.664,sell,293563098
1750547340521,80.13,3.901,sell,293563099
1750547340975,80.13,0.26,sell,293563100
1750547341222,80.12,4.132,sell,293563101
1750547341226,80.12,0.13,sell,293563102
1750547342800,80.11,0.585,sell,293563103
1750547358983,80.11,8.386,buy,293563104
1750547358983,80.12,1.614,buy,293563105
1750547363014,80.11,0.392,sell,293563106
1750547365843,80.11,0.364,buy,293563107
1750547367035,80.1,0.461,sell,293563108
1750547371100,80.1,0.255,sell,293563109
1750547371173,80.1,0.945,buy,293563110
1750547371330,80.1,0.127,buy,293563111
1750547374934,80.1,0.195,buy,293563112
1750547377859,80.11,0.994,buy,293563113
1750547378968,80.1,0.135,sell,293563114
1750547381156,80.11,8.285,buy,293563115
1750547381462,80.1,0.325,sell,293563116
1750547384334,80.1,0.312,buy,293563117
1750547384355,80.09,3.122,sell,293563118
1750547384838,80.09,3.122,sell,293563119
1750547385043,80.09,0.261,sell,293563120
1750547385043,80.08,2.861,sell,293563121
1750547385293,80.08,0.91,sell,293563122
1750547385522,80.08,3.122,sell,293563123
1750547385740,80.08,3.122,sell,293563124
1750547387044,80.09,0.195,buy,293563125
1750547387132,80.09,3.122,sell,293563126
1750547387330,80.09,3.122,sell,293563127
1750547387839,80.09,3.122,sell,293563128
1750547388068,80.09,3.122,sell,293563129
1750547388534,80.09,3.122,sell,293563130
1750547389042,80.1,0.477,buy,293563131
1750547389118,80.09,3.122,sell,293563132
1750547389841,80.09,3.122,sell,293563133
1750547390456,80.09,3.122,sell,293563134
1750547390689,80.09,3.122,sell,293563135
1750547390932,80.09,2.82,sell,293563136
1750547391013,80.09,0.13,sell,293563137
1750547391162,80.08,2.042,sell,293563138
1750547391440,80.08,3.122,sell,293563139
1750547391941,80.08,3.122,sell,293563140
1750547392137,80.08,3.122,sell,293563141
1750547392332,80.08,3.122,sell,293563142
1750547392640,80.08,3.122,sell,293563143
1750547392887,80.08,3.122,sell,293563144
1750547393141,80.08,3.122,sell,293563145
1750547393293,80.08,12.19,sell,293563146
1750547393293,80.07,29.839,sell,293563147
1750547393340,80.07,3.123,sell,293563148
1750547393540,80.07,3.123,sell,293563149
1750547393740,80.07,3.123,sell,293563150
1750547394033,80.07,2.309,sell,293563151
1750547394239,80.07,3.039,sell,293563152
1750547394431,80.07,2.354,sell,293563153
1750547394638,80.07,1.767,sell,293563154
1750547394840,80.07,1.327,sell,293563155
1750547394848,80.07,0.225,sell,293563156
1750547396467,80.07,0.329,buy,293563157
1750547396540,80.07,3.123,sell,293563158
1750547396839,80.07,3.123,sell,293563159
1750547397033,80.07,3.123,sell,293563160
1750547397233,80.07,3.123,sell,293563161
1750547397439,80.07,3.123,sell,293563162
1750547397772,80.07,3.123,sell,293563163
1750547398350,80.07,3.123,sell,293563164
1750547399134,80.07,3.123,sell,293563165
1750547399341,80.07,3.123,sell,293563166
1750547399599,80.07,3.123,sell,293563167
1750547399836,80.07,3.123,sell,293563168
1750547400220,80.07,3.123,sell,293563169
1750547400538,80.07,0.739,sell,293563170
1750547400767,80.07,1.907,sell,293563171
1750547401400,80.07,3.123,sell,293563172
1750547401709,80.08,0.45,buy,293563173
1750547401848,80.08,3.122,sell,293563174
1750547402006,80.09,0.312,buy,293563175
1750547402594,80.08,3.122,sell,293563176
1750547403580,80.08,2.075,sell,293563177
1750547404033,80.08,3.122,sell,293563178
1750547404288,80.08,8.316,sell,293563179
1750547404387,80.08,3.122,sell,293563180
1750547404601,80.08,1.42,sell,293563181
1750547404739,80.08,0.69,sell,293563182
1750547404833,80.08,3.122,sell,293563183
1750547404862,80.08,1.122,sell,293563184
1750547405038,80.08,3.122,sell,293563185
1750547406358,80.08,1.055,sell,293563186
1750547407328,80.08,0.479,sell,293563187
1750547407677,80.08,0.852,sell,293563188
1750547407677,80.07,2.271,sell,293563189
1750547407923,80.07,3.123,sell,293563190
1750547408240,80.07,3.123,sell,293563191
1750547408517,80.07,3.123,sell,293563192
1750547408803,80.07,3.123,sell,293563193
1750547409041,80.07,2.746,sell,293563194
1750547409372,80.07,3.123,sell,293563195
1750547409705,80.07,3.123,sell,293563196
1750547410295,80.07,3.123,sell,293563197
1750547410361,80.07,0.219,sell,293563198
1750547410803,80.07,0.438,buy,293563199
1750547411285,80.07,8.256,buy,293563200
1750547411285,80.08,2.844,buy,293563201
1750547411335,80.07,3.123,sell,293563202
1750547411533,80.07,3.123,sell,293563203
1750547411741,80.07,3.123,sell,293563204
1750547412240,80.07,3.123,sell,293563205
1750547413157,80.07,3.123,sell,293563206
1750547413223,80.08,0.1,buy,293563207
1750547413463,80.07,3.123,sell,293563208
1750547413745,80.07,3.123,sell,293563209
1750547413917,80.08,0.159,buy,293563210
1750547414048,80.07,3.123,sell,293563211
1750547414363,80.07,2.953,sell,293563212
1750547414387,80.07,0.256,sell,293563213
1750547414730,80.06,3.123,sell,293563214
1750547414947,80.06,3.123,sell,293563215
1750547415349,80.06,3.123,sell,293563216
1750547415840,80.06,3.123,sell,293563217
1750547416115,80.06,3.123,sell,293563218
1750547416329,80.06,3.123,sell,293563219
1750547416840,80.06,1.894,sell,293563220
1750547417040,80.06,3.123,sell,293563221
1750547417241,80.06,3.123,sell,293563222
1750547417440,80.06,3.123,sell,293563223
1750547417635,80.06,3.123,sell,293563224
1750547418740,80.07,3.123,sell,293563225
1750547418940,80.07,3.123,sell,293563226
1750547419187,80.07,3.123,sell,293563227
1750547419616,80.07,3.123,sell,293563228
1750547420507,80.07,3.123,sell,293563229
1750547420981,80.07,0.326,sell,293563230
1750547421038,80.06,0.63,sell,293563231
1750547421075,80.06,0.127,sell,293563232
1750547421140,80.05,1.946,sell,293563233
1750547421434,80.05,3.124,sell,293563234
1750547421839,80.06,3.123,sell,293563235
1750547421887,80.07,0.191,buy,293563236
1750547422101,80.07,3.123,sell,293563237
1750547422432,80.07,3.123,sell,293563238
1750547422639,80.07,3.123,sell,293563239
1750547422933,80.07,3.123,sell,293563240
1750547423322,80.07,3.123,sell,293563241
1750547423679,80.07,3.123,sell,293563242
1750547424279,80.08,0.32,buy,293563243
1750547424342,80.08,3.122,sell,293563244
1750547428212,80.08,0.324,sell,293563245
1750547430162,80.07,3.945,sell,293563246
1750547430414,80.07,0.394,sell,293563247
1750547431065,80.08,0.094,buy,293563248
1750547432293,80.08,0.605,sell,293563249
1750547432387,80.09,0.126,buy,293563250
1750547432947,80.09,2.551,buy,293563251
1750547435025,80.08,1.449,sell,293563252
1750547435060,80.08,3.122,sell,293563253
1750547435435,80.08,3.31,sell,293563254
1750547435440,80.08,3.122,sell,293563255
1750547436339,80.08,2.357,sell,293563256
1750547437209,80.09,1.686,buy,293563257
1750547437488,80.09,0.149,buy,293563258
1750547439406,80.09,0.217,buy,293563259
1750547439532,80.09,17.226,buy,293563260
1750547440001,80.1,1.42,buy,293563261
1750547440138,80.1,6.243,sell,293563262
1750547440138,80.1,3.122,sell,293563263
1750547440762,80.11,0.194,buy,293563264
1750547441432,80.11,6.253,sell,293563265
1750547441555,80.11,6.242,sell,293563266
1750547441559,80.11,3.121,sell,293563267
1750547441634,80.11,0.364,sell,293563268
1750547441867,80.1,3.122,sell,293563269
1750547441868,80.1,1.282,sell,293563270
1750547442077,80.1,3.122,sell,293563271
1750547442133,80.1,1.342,sell,293563272
1750547442200,80.1,0.261,sell,293563273
1750547442554,80.1,1.534,buy,293563274
1750547443294,80.09,0.349,sell,293563275
1750547443540,80.09,0.314,sell,293563276
1750547444040,80.09,0.296,sell,293563277
1750547444436,80.09,3.138,sell,293563278
1750547444440,80.09,3.122,sell,293563279
1750547444535,80.09,3.122,sell,293563280
1750547444662,80.09,3.122,sell,293563281
1750547444734,80.09,2.674,sell,293563282
1750547444755,80.09,0.13,sell,293563283
1750547444788,80.09,3.122,sell,293563284
1750547444894,80.09,3.122,sell,293563285
1750547445049,80.09,2.175,sell,293563286
1750547445152,80.09,0.462,sell,293563287
1750547445179,80.08,2.292,sell,293563288
1750547445637,80.09,3.122,sell,293563289
1750547445638,80.09,5.951,sell,293563290
1750547445640,80.09,3.122,sell,293563291
1750547445838,80.09,3.122,sell,293563292
1750547445913,80.09,3.122,sell,293563293
1750547445914,80.09,4.609,sell,293563294
1750547446033,80.09,3.122,sell,293563295
1750547446141,80.09,2.604,sell,293563296
1750547446238,80.09,1.424,sell,293563297
1750547446238,80.09,3.122,sell,293563298
1750547446382,80.09,3.122,sell,293563299
1750547446434,80.09,3.122,sell,293563300
1750547449693,80.1,0.125,buy,293563301
1750547449834,80.1,3.122,sell,293563302
1750547449839,80.1,6.085,sell,293563303
1750547449840,80.1,3.122,sell,293563304
1750547450505,80.11,0.212,buy,293563305
1750547455128,80.12,0.35,buy,293563306
1750547455650,80.11,0.461,sell,293563307
1750547456200,80.12,0.066,buy,293563308
1750547456336,80.12,2.538,sell,293563309
1750547456339,80.12,1.019,sell,293563310
1750547456341,80.12,3.121,sell,293563311
1750547456536,80.12,0.874,sell,293563312
1750547456640,80.12,1.267,sell,293563313
1750547456771,80.12,0.316,sell,293563314
1750547456849,80.13,0.125,buy,293563315
1750547461352,80.13,0.194,buy,293563316
1750547461439,80.13,4.01,sell,293563317
1750547461441,80.13,3.12,sell,293563318
1750547461443,80.13,3.12,sell,293563319
1750547463139,80.13,0.523,sell,293563320
1750547463141,80.13,0.361,sell,293563321
1750547463339,80.13,0.274,sell,293563322
1750547463340,80.13,0.417,sell,293563323
1750547463908,80.13,0.935,buy,293563324
1750547465772,80.12,0.6,sell,293563325
1750547467230,80.12,0.263,sell,293563326
1750547467400,80.12,0.196,sell,293563327
1750547467737,80.12,3.121,sell,293563328
1750547467748,80.12,5.149,sell,293563329
1750547467752,80.12,3.121,sell,293563330
1750547470025,80.13,0.103,buy,293563331
1750547472001,80.12,7.136,sell,293563332
1750547473484,80.11,0.475,sell,293563333
1750547473567,80.1,0.254,sell,293563334
1750547474723,80.11,0.499,buy,293563335
1750547479218,80.1,0.757,sell,293563336
1750547481357,80.1,2.475,sell,293563337
1750547482678,80.1,0.261,sell,293563338
1750547482678,80.09,0.12,sell,293563339
1750547484239,80.1,4.861,sell,293563340
1750547484240,80.1,3.122,sell,293563341
1750547484240,80.1,3.122,sell,293563342
1750547484248,80.1,3.403,sell,293563343
1750547487100,80.1,0.457,sell,293563344
1750547487587,80.09,0.654,sell,293563345
1750547487645,80.08,0.679,sell,293563346
1750547487670,80.07,0.582,sell,293563347
1750547487671,80.07,0.883,sell,293563348
1750547487675,80.07,3.122,sell,293563349
1750547487675,80.07,3.122,sell,293563350
1750547488222,80.07,0.394,sell,293563351
1750547488790,80.07,0.153,buy,293563352
1750547491987,80.06,16.393,sell,293563353
1750547494442,80.08,30.063,buy,293563354
1750547494442,80.09,57.357,buy,293563355
1750547495813,80.08,9.108,sell,293563356
1750547497537,80.09,3.968,sell,293563357
1750547497538,80.09,2.778,sell,293563358
1750547497539,80.09,3.122,sell,293563359
1750547497541,80.09,3.122,sell,293563360
1750547497878,80.1,0.278,buy,293563361
1750547507535,80.1,4.327,buy,293563362
1750547507538,80.1,4.049,buy,293563363
1750547510615,80.1,1.882,buy,293563364
1750547513309,80.1,0.199,buy,293563365
1750547513668,80.09,38.514,sell,293563366
1750547513668,80.08,154.908,sell,293563367
1750547521020,80.08,9.076,buy,293563368
1750547521022,80.08,16.875,buy,293563369
1750547521023,80.08,23.597,buy,293563370
1750547521023,80.08,38.86,buy,293563371
1750547521023,80.08,3.467,buy,293563372
1750547521023,80.08,30.09,buy,293563373
1750547521023,80.08,64.04,buy,293563374
1750547521023,80.08,106.178,buy,293563375
1750547521072,80.09,0.125,buy,293563376
1750547521134,80.09,4.064,sell,293563377
1750547521140,80.09,5.806,sell,293563378
1750547521144,80.09,3.122,sell,293563379
1750547523172,80.1,0.271,buy,293563380
1750547523444,80.09,0.403,sell,293563381
1750547524202,80.09,0.93,buy,293563382
1750547525642,80.09,1.563,buy,293563383
1750547526531,80.09,0.197,buy,293563384
1750547527537,80.08,0.62,sell,293563385
1750547531196,80.08,0.187,buy,293563386
1750547533324,80.08,0.816,buy,293563387
1750547533566,80.08,0.191,buy,293563388
1750547535563,80.07,4.924,sell,293563389
1750547540938,80.07,0.504,sell,293563390
1750547540938,80.07,2.603,sell,293563391
1750547540943,80.07,1.795,sell,293563392
1750547541236,80.07,0.338,sell,293563393
1750547541334,80.06,3.592,sell,293563394
1750547541337,80.06,0.514,sell,293563395
1750547541338,80.06,3.123,sell,293563396
1750547541343,80.06,3.123,sell,293563397
1750547547163,80.07,2.09,buy,293563398
1750547547839,80.07,3.123,sell,293563399
1750547547840,80.07,3.123,sell,293563400
1750547547841,80.07,0.941,sell,293563401
1750547548255,80.08,0.154,buy,293563402
1750547548638,80.07,3.72,sell,293563403
1750547548942,80.08,0.312,buy,293563404
1750547552572,80.08,0.145,buy,293563405
1750547553313,80.08,0.125,buy,293563406
1750547554800,80.09,1.005,buy,293563407
1750547556237,80.09,0.125,buy,293563408
1750547556463,80.1,0.114,buy,293563409
1750547556609,80.1,3.571,buy,293563410
1750547556609,80.1,6.514,buy,293563411
1750547557844,80.1,3.323,buy,293563412
1750547557847,80.1,91.766,buy,293563413
1750547557851,80.11,0.125,buy,293563414
1750547557854,80.12,6.243,buy,293563415
1750547557934,80.11,3.121,sell,293563416
1750547557939,80.11,2.166,sell,293563417
1750547557939,80.11,3.121,sell,293563418
1750547557940,80.11,1.516,sell,293563419
1750547559161,80.12,0.194,buy,293563420
1750547559238,80.12,0.322,sell,293563421
1750547559239,80.12,3.215,sell,293563422
1750547559240,80.12,2.25,sell,293563423
1750547559243,80.12,3.121,sell,293563424
1750547559244,80.12,3.121,sell,293563425
1750547559934,80.13,0.704,buy,293563426
1750547560474,80.13,0.194,buy,293563427
1750547560532,80.13,3.12,sell,293563428
1750547560538,80.13,1.28,sell,293563429
1750547560539,80.13,3.12,sell,293563430
1750547560543,80.13,0.896,sell,293563431
1750547560580,80.13,3.085,sell,293563432
1750547560649,80.13,0.074,sell,293563433
1750547560742,80.13,1.911,sell,293563434
1750547560938,80.13,0.338,sell,293563435
1750547560941,80.13,1.22,sell,293563436
1750547560943,80.13,0.841,sell,293563437
1750547561517,80.13,0.148,sell,293563438
1750547564096,80.14,0.179,buy,293563439
1750547567559,80.13,7.601,sell,293563440
1750547567696,80.12,1.186,sell,293563441
1750547570403,80.13,0.624,buy,293563442
1750547571516,80.13,1.06,buy,293563443
1750547574574,80.12,1.037,sell,293563444
1750547574845,80.11,0.676,sell,293563445
1750547574851,80.11,3.121,sell,293563446
1750547574852,80.11,0.965,sell,293563447
1750547574853,80.11,1.079,sell,293563448
1750547574874,80.1,1.326,sell,293563449
1750547580476,80.1,0.407,sell,293563450
1750547580476,80.1,1.448,sell,293563451
1750547580481,80.1,0.581,sell,293563452
1750547580494,80.1,2.1,sell,293563453
1750547580810,80.1,0.253,sell,293563454
1750547580838,80.1,0.367,sell,293563455
1750547580840,80.1,0.329,sell,293563456
1750547584242,80.1,0.278,sell,293563457
1750547584339,80.1,3.122,sell,293563458
1750547584340,80.1,0.699,sell,293563459
1750547584414,80.1,0.329,sell,293563460
1750547584451,80.1,2.488,sell,293563461
1750547584460,80.1,0.999,sell,293563462
1750547584627,80.1,1.446,sell,293563463
1750547584640,80.1,3.122,sell,293563464
1750547584735,80.1,3.122,sell,293563465
1750547584736,80.1,2.085,sell,293563466
1750547584738,80.1,0.713,sell,293563467
1750547584839,80.1,0.124,buy,293563468
1750547589046,80.1,2.803,sell,293563469
1750547589046,80.1,0.401,sell,293563470
1750547589051,80.1,3.122,sell,293563471
1750547589069,80.1,4.003,sell,293563472
1750547589094,80.1,3.122,sell,293563473
1750547589374,80.1,6.566,sell,293563474
1750547590415,80.11,11.737,buy,293563475
1750547596272,80.1,0.134,sell,293563476
1750547597005,80.11,1.996,buy,293563477
1750547597186,80.1,6.498,sell,293563478
1750547598206,80.09,0.57,sell,293563479
1750547598207,80.09,0.393,sell,293563480
1750547598416,80.09,0.321,sell,293563481
1750547598500,80.09,0.564,sell,293563482
1750547600270,80.08,0.376,sell,293563483
1750547600276,80.08,0.26,sell,293563484
1750547600278,80.08,0.467,sell,293563485
1750547603241,80.08,0.063,buy,293563486
1750547603934,80.07,0.45,sell,293563487
1750547604025,80.06,0.307,sell,293563488
1750547607385,80.06,0.099,sell,293563489
1750547613113,80.07,1.004,buy,293563490
1750547613685,80.06,3.747,sell,293563491
1750547618869,80.06,0.344,sell,293563492
1750547619300,80.06,0.606,sell,293563493
1750547619505,80.05,53.965,sell,293563494
1750547619631,80.04,4.211,sell,293563495
1750547619638,80.04,0.602,sell,293563496
1750547619642,80.04,3.124,sell,293563497
1750547619644,80.04,6.015,sell,293563498
1750547619644,80.04,3.124,sell,293563499
1750547620535,80.04,4.762,sell,293563500
1750547620537,80.04,3.124,sell,293563501
1750547620539,80.04,3.124,sell,293563502
1750547620542,80.04,3.333,sell,293563503
1750547620542,80.04,0.477,sell,293563504
1750547620640,80.04,0.219,sell,293563505
1750547620797,80.03,0.078,sell,293563506
1750547624766,80.03,0.534,sell,293563507
1750547624766,80.02,2.8,sell,293563508
1750547624768,80.02,3.125,sell,293563509
1750547624768,80.02,4.763,sell,293563510
1750547624771,80.02,3.125,sell,293563511
1750547624777,80.02,0.477,sell,293563512
1750547624802,80.02,0.13,sell,293563513
1750547625000,80.02,3.053,buy,293563514
1750547625128,80.01,0.586,sell,293563515
1750547625221,80,1.687,sell,293563516
1750547625227,80,0.474,sell,293563517
1750547625228,80,2.448,sell,293563518
1750547625231,80,0.677,sell,293563519
1750547625344,80,6.508,sell,293563520
1750547626262,80,0.086,buy,293563521
1750547628997,80,0.345,buy,293563522
1750547631192,79.99,0.394,sell,293563523
1750547631360,79.98,0.973,sell,293563524
1750547631365,79.98,3.126,sell,293563525
1750547631367,79.98,1.39,sell,293563526
1750547631638,79.98,1.22,sell,293563527
1750547631709,79.98,3.039,sell,293563528
1750547631716,79.98,0.854,sell,293563529
1750547631932,79.98,1.814,sell,293563530
1750547631938,79.98,0.728,sell,293563531
1750547631941,79.98,0.51,sell,293563532
1750547634229,79.98,1.553,sell,293563533
1750547634229,79.98,1.07,sell,293563534
1750547634235,79.98,0.301,sell,293563535
1750547634238,79.98,0.162,sell,293563536
1750547634262,79.97,0.268,sell,293563537
1750547639567,79.97,0.317,sell,293563538
1750547640523,79.96,1.279,sell,293563539
1750547640524,79.96,3.127,sell,293563540
1750547640525,79.96,0.896,sell,293563541
1750547640525,79.96,3.127,sell,293563542
1750547640600,79.96,0.316,sell,293563543
1750547641329,79.96,0.078,buy,293563544
1750547641494,79.96,0.5,buy,293563545
1750547642159,79.95,12.598,sell,293563546
1750547642159,79.95,0.065,sell,293563547
1750547642389,79.94,0.645,sell,293563548
1750547642391,79.94,0.065,sell,293563549
1750547642391,79.93,6.833,sell,293563550
1750547642527,79.92,0.649,sell,293563551
1750547643509,79.92,0.419,buy,293563552
1750547643546,79.91,5.739,sell,293563553
1750547643547,79.91,2.05,sell,293563554
1750547645420,79.93,0.125,buy,293563555
1750547645700,79.93,0.066,buy,293563556
1750547646309,79.94,0.126,buy,293563557
1750547647000,79.95,0.192,buy,293563558
1750547647658,79.96,1.442,buy,293563559
1750547647724,79.97,0.126,buy,293563560
1750547656607,79.98,0.436,buy,293563561
1750547657616,79.97,13.542,sell,293563562
1750547662288,79.97,0.41,buy,293563563
1750547667755,79.97,0.192,buy,293563564
1750547668849,79.97,0.864,buy,293563565
1750547671756,79.97,0.153,buy,293563566
1750547672875,79.96,0.404,sell,293563567
1750547672876,79.96,0.278,sell,293563568
1750547673454,79.96,0.629,sell,293563569
1750547681332,79.95,0.451,sell,293563570
1750547681600,79.94,0.649,sell,293563571
1750547681633,79.93,0.479,sell,293563572
1750547681633,79.93,0.684,sell,293563573
1750547681636,79.93,2.473,sell,293563574
1750547681639,79.93,1.705,sell,293563575
1750547681879,79.94,0.378,buy,293563576
1750547683390,79.93,2.172,sell,293563577
1750547685689,79.93,0.325,sell,293563578
1750547685812,79.92,6.902,sell,293563579
1750547685883,79.91,2.005,sell,293563580
1750547685890,79.91,0.389,sell,293563581
1750547685891,79.91,0.235,sell,293563582
1750547685891,79.9,0.32,sell,293563583
1750547685900,79.9,1.382,sell,293563584
1750547686806,79.92,1.676,buy,293563585
1750547688677,79.92,0.192,buy,293563586
1750547688739,79.93,0.094,buy,293563587
1750547688751,79.93,3.441,sell,293563588
1750547688751,79.93,3.129,sell,293563589
1750547688752,79.93,3.129,sell,293563590
1750547688752,79.93,4.916,sell,293563591
1750547688764,79.93,0.492,sell,293563592
1750547688778,79.94,1.806,buy,293563593
1750547690423,79.94,0.126,buy,293563594
1750547691445,79.95,12.507,buy,293563595
1750547699836,79.95,1.201,sell,293563596
1750547699840,79.95,1.715,sell,293563597
1750547699842,79.95,3.127,sell,293563598
1750547699847,79.95,3.127,sell,293563599
1750547700143,79.95,3.127,sell,293563600
1750547700175,79.95,1.026,sell,293563601
1750547700183,79.95,1.466,sell,293563602
1750547700200,79.95,0.276,sell,293563603
1750547700245,79.94,3.127,sell,293563604
1750547703036,79.94,37.206,sell,293563605
1750547703036,79.93,19.383,sell,293563606
1750547705387,79.94,1.253,sell,293563607
1750547705505,79.94,1.111,sell,293563608
1750547705641,79.93,2.463,sell,293563609
1750547705652,79.93,0.682,sell,293563610
1750547705654,79.93,1.698,sell,293563611
1750547705669,79.93,0.477,sell,293563612
1750547709556,79.93,0.198,sell,293563613
1750547712754,79.94,0.206,buy,293563614
1750547717783,79.94,0.197,buy,293563615
1750547722942,79.95,15.292,buy,293563616
1750547723206,79.95,7.839,buy,293563617
1750547723218,79.96,3.909,buy,293563618
1750547723335,79.96,3.127,sell,293563619
1750547723340,79.96,6.254,sell,293563620
1750547723342,79.96,0.719,sell,293563621
1750547723342,79.96,3.127,sell,293563622
1750547723347,79.96,5.032,sell,293563623
1750547723349,79.97,0.703,buy,293563624
1750547725749,79.96,10,sell,293563625
1750547727334,79.97,21.959,buy,293563626
1750547727334,79.98,22.51,buy,293563627
1750547727334,79.99,5.307,buy,293563628
1750547727431,79.98,2.522,sell,293563629
1750547727438,79.98,3.126,sell,293563630
1750547727438,79.98,3.603,sell,293563631
1750547727440,79.98,3.126,sell,293563632
1750547727440,79.98,0.361,sell,293563633
1750547727684,79.98,0.431,sell,293563634
1750547727687,79.98,1.534,sell,293563635
1750547727692,79.98,2.224,sell,293563636
1750547728015,79.98,0.56,sell,293563637
1750547728016,79.98,0.812,sell,293563638
1750547728142,79.98,0.938,sell,293563639
1750547728191,79.97,0.321,sell,293563640
1750547731441,79.96,0.181,sell,293563641
1750547733139,79.97,0.375,buy,293563642
1750547735514,79.97,0.828,buy,293563643
1750547735515,79.98,0.126,buy,293563644
1750547735646,79.98,1.261,sell,293563645
1750547735655,79.98,0.883,sell,293563646
1750547735745,79.98,3.126,sell,293563647
1750547735760,79.98,3.126,sell,293563648
1750547735892,79.98,0.295,sell,293563649
1750547735939,79.98,0.422,sell,293563650
1750547736007,79.98,3.126,sell,293563651
1750547736013,79.98,3.126,sell,293563652
1750547736028,79.98,0.164,sell,293563653
1750547736131,79.98,0.973,sell,293563654
1750547736232,79.98,1.293,sell,293563655
1750547736239,79.98,3.126,sell,293563656
1750547736263,79.98,3.126,sell,293563657
1750547736340,79.98,1.153,sell,293563658
1750547740702,79.99,0.261,buy,293563659
1750547740702,80,0.077,buy,293563660
1750547740831,79.99,3.126,sell,293563661
1750547740835,79.99,3.66,sell,293563662
1750547740841,79.99,3.126,sell,293563663
1750547740842,79.99,2.562,sell,293563664
1750547740844,79.99,0.366,sell,293563665
1750547741053,79.99,1.407,sell,293563666
1750547741137,79.99,3.126,sell,293563667
1750547741139,79.99,1.87,sell,293563668
1750547741140,79.99,3.126,sell,293563669
1750547741905,80,0.276,buy,293563670
1750547742652,80,0.738,buy,293563671
1750547745874,80.01,0.257,buy,293563672
1750547745902,80.01,0.784,buy,293563673
1750547746856,80.01,0.152,buy,293563674
1750547747874,80.01,0.148,buy,293563675
1750547749250,80,0.298,sell,293563676
1750547749298,80,0.657,sell,293563677
1750547754546,80,0.476,sell,293563678
1750547754546,80,0.333,sell,293563679
1750547754546,80,1.185,sell,293563680
1750547754546,80,1.718,sell,293563681
1750547754665,80.01,0.261,buy,293563682
1750547754665,80.02,0.434,buy,293563683
1750547754803,80.02,0.319,buy,293563684
1750547754814,80.01,3.125,sell,293563685
1750547754820,80.01,0.196,sell,293563686
1750547754848,80,2.813,sell,293563687
1750547754877,80,0.806,sell,293563688
1750547754953,80,1.152,sell,293563689
1750547755988,80,0.759,sell,293563690
1750547760157,80.01,0.285,sell,293563691
1750547760159,80.01,0.406,sell,293563692
1750547760162,80.01,1.012,sell,293563693
1750547760163,80.01,1.468,sell,293563694
1750547762468,80.01,0.435,sell,293563695
1750547762900,80,0.777,sell,293563696
1750547763029,79.99,0.258,sell,293563697
1750547764346,79.99,0.577,sell,293563698
1750547764348,79.99,1.439,sell,293563699
1750547764348,79.99,2.087,sell,293563700
1750547764369,79.99,0.404,sell,293563701
1750547764640,79.99,0.505,sell,293563702
1750547764644,79.99,0.348,sell,293563703
1750547764912,79.99,0.42,sell,293563704
1750547764918,79.99,0.608,sell,293563705
1750547765040,79.99,0.4,sell,293563706
1750547765046,79.99,0.571,sell,293563707
1750547765137,79.99,1.737,sell,293563708
1750547765142,79.99,1.197,sell,293563709
1750547765226,79.99,1.008,sell,293563710
1750547765369,79.99,0.34,sell,293563711
1750547766038,79.99,0.257,sell,293563712
1750547767092,79.99,0.387,sell,293563713
1750547768922,79.99,0.064,buy,293563714
1750547769173,79.99,0.086,buy,293563715
1750547773105,79.98,0.459,sell,293563716
1750547774097,79.97,0.076,sell,293563717
1750547774140,79.97,0.377,sell,293563718
1750547774149,79.97,1.342,sell,293563719
1750547774150,79.97,1.946,sell,293563720
1750547774193,79.97,0.539,sell,293563721
1750547774351,79.97,0.497,sell,293563722
1750547774590,79.97,0.317,sell,293563723
1750547776029,79.97,0.559,sell,293563724
1750547778050,79.97,3.127,sell,293563725
1750547778051,79.97,2.892,sell,293563726
1750547778051,79.97,0.812,sell,293563727
1750547778119,79.98,0.126,buy,293563728
1750547778680,79.99,0.192,buy,293563729
1750547778733,79.99,1.066,sell,293563730
1750547778742,79.99,0.735,sell,293563731
1750547788178,80,0.14,buy,293563732
1750547789054,80,0.165,buy,293563733
1750547790978,80,0.377,buy,293563734
1750547792573,79.99,0.233,sell,293563735
1750547793741,79.99,0.358,sell,293563736
1750547795821,79.99,0.262,buy,293563737
1750547797032,80,1,buy,293563738
1750547798714,79.99,1.485,sell,293563739
1750547800754,80,0.084,buy,293563740
1750547801500,80,0.428,buy,293563741
1750547803788,80.01,0.067,buy,293563742
1750547804163,80.01,0.195,buy,293563743
1750547804233,80.01,6.125,sell,293563744
1750547804235,80.01,4.288,sell,293563745
1750547804242,80.01,3.125,sell,293563746
1750547804243,80.01,3.125,sell,293563747
1750547804255,80.01,0.613,sell,293563748
1750547804481,80.01,2.33,sell,293563749
1750547804488,80.01,0.452,sell,293563750
1750547804501,80.01,1.607,sell,293563751
1750547804538,80.01,0.38,sell,293563752
1750547804604,80.01,1.804,sell,293563753
1750547804604,80,21.799,sell,293563754
1750547806801,80,8.68,sell,293563755
1750547806805,80,0.13,sell,293563756
1750547806869,79.99,3.125,sell,293563757
1750547806876,79.99,2.164,sell,293563758
1750547806877,79.99,0.868,sell,293563759
1750547806883,79.99,0.608,sell,293563760
1750547807232,80,2.63,sell,293563761
1750547807237,80,3.756,sell,293563762
1750547807238,80,3.125,sell,293563763
1750547807239,80,3.125,sell,293563764
1750547807241,80,0.376,sell,293563765
1750547807725,80.01,0.126,buy,293563766
1750547809487,80.02,0.465,buy,293563767
1750547811375,80.01,0.077,sell,293563768
1750547813406,80.01,19.627,sell,293563769
1750547814974,80.02,0.192,buy,293563770
1750547816476,80.01,2.354,sell,293563771
1750547816478,80.01,0.651,sell,293563772
1750547816480,80.01,1.623,sell,293563773
1750547816480,80.01,0.456,sell,293563774
1750547816706,80.01,0.448,sell,293563775
1750547816707,80.01,2.312,sell,293563776
1750547816712,80.01,1.594,sell,293563777
1750547817441,80.01,2.168,sell,293563778
1750547817472,80,0.761,sell,293563779
1750547817482,80,0.525,sell,293563780
1750547817486,80,0.13,sell,293563781
1750547817664,80,1.946,buy,293563782
1750547822142,80,0.178,buy,293563783
1750547823631,80,1.102,sell,293563784
1750547823640,80,3.125,sell,293563785
1750547823644,80,3.125,sell,293563786
1750547823691,80.01,0.126,buy,293563787
1750547823709,80.01,1.574,sell,293563788
1750547823775,80.01,0.32,sell,293563789
1750547828319,80.01,0.313,sell,293563790
1750547829594,80.01,0.449,sell,293563791
1750547837685,80.02,0.195,buy,293563792
1750547837743,80.02,3.125,sell,293563793
1750547837747,80.02,5.576,sell,293563794
1750547837748,80.02,0.558,sell,293563795
1750547837748,80.02,3.904,sell,293563796
1750547837750,80.02,3.125,sell,293563797
1750547842451,80.03,17.853,buy,293563798
1750547842451,80.04,25.826,buy,293563799
1750547842539,80.03,3.124,sell,293563800
1750547842539,80.03,4.41,sell,293563801
1750547842541,80.03,3.087,sell,293563802
1750547842541,80.03,3.124,sell,293563803
1750547842542,80.03,0.441,sell,293563804
1750547842810,80.03,1.107,sell,293563805
1750547842814,80.03,2.76,sell,293563806
1750547842815,80.03,3.124,sell,293563807
1750547842815,80.03,0.775,sell,293563808
1750547843082,80.04,0.149,buy,293563809
1750547843171,80.03,0.284,sell,293563810
1750547843784,80.03,0.4,sell,293563811
1750547843786,80.03,0.28,sell,293563812
1750547843786,80.03,1.447,sell,293563813
1750547843786,80.03,0.997,sell,293563814
1750547844246,80.03,0.576,sell,293563815
1750547844248,80.03,2.05,sell,293563816
1750547844256,80.03,2.974,sell,293563817
1750547844256,80.03,0.823,sell,293563818
1750547844342,80.03,0.509,sell,293563819
1750547845534,80.04,0.351,sell,293563820
1750547845540,80.04,3.124,sell,293563821
1750547845541,80.04,2.452,sell,293563822
1750547845541,80.04,3.124,sell,293563823
1750547848592,80.05,0.39,buy,293563824
1750547848720,80.04,0.401,sell,293563825
1750547849066,80.04,2.514,sell,293563826
1750547849066,80.04,0.487,sell,293563827
1750547849068,80.04,1.733,sell,293563828
1750547849299,80.04,0.802,sell,293563829
1750547849303,80.04,0.553,sell,293563830
1750547849314,80.04,0.146,sell,293563831
1750547851697,80.04,0.191,buy,293563832
1750547852209,80.04,0.34,buy,293563833
1750547852747,80.04,1.352,sell,293563834
1750547852749,80.04,0.374,sell,293563835
1750547852752,80.04,0.932,sell,293563836
1750547852757,80.04,0.262,sell,293563837
1750547857222,80.04,0.689,sell,293563838
1750547857226,80.04,1.057,sell,293563839
1750547857254,80.03,1.061,sell,293563840
1750547857254,80.02,0.374,sell,293563841
1750547857255,80.02,1.718,sell,293563842
1750547857257,80.02,0.483,sell,293563843
1750547858619,80.02,7.669,sell,293563844
1750547858622,80.02,0.065,sell,293563845
1750547858623,80.02,0.065,sell,293563846
1750547859000,80.01,0.46,sell,293563847
1750547859575,80,0.586,sell,293563848
1750547859579,79.99,13.49,sell,293563849
1750547859580,79.99,8.624,sell,293563850
1750547860104,79.98,0.53,sell,293563851
1750547860105,79.98,0.056,sell,293563852
1750547860201,79.98,0.285,buy,293563853
1750547862500,79.97,0.517,sell,293563854
1750547862592,79.97,0.851,buy,293563855
1750547862847,79.96,0.457,sell,293563856
1750547862928,79.95,5.127,sell,293563857
1750547862928,79.95,0.065,sell,293563858
1750547862931,79.94,7.154,sell,293563859
1750547862946,79.93,3.434,sell,293563860
1750547862971,79.93,0.261,sell,293563861
1750547862976,79.92,6.913,sell,293563862
1750547863072,79.91,6.888,sell,293563863
1750547863081,79.91,1.181,sell,293563864
1750547863089,79.91,0.639,sell,293563865
1750547863092,79.91,0.913,sell,293563866
1750547863102,79.91,3.127,sell,293563867
1750547863109,79.91,2.276,sell,293563868
1750547863850,79.92,8.538,buy,293563869
1750547863882,79.93,0.22,buy,293563870
1750547864016,79.93,3.129,sell,293563871
1750547864022,79.93,6.257,sell,293563872
1750547864030,79.93,0.971,sell,293563873
1750547864032,79.93,3.129,sell,293563874
1750547864072,79.93,2.545,sell,293563875
1750547864072,79.92,3.712,sell,293563876
1750547864218,79.93,6.708,buy,293563877
1750547866150,79.93,1.913,sell,293563878
1750547866162,79.93,1.319,sell,293563879
1750547866162,79.93,0.529,sell,293563880
1750547866164,79.93,0.371,sell,293563881
1750547866653,79.93,0.338,sell,293563882
1750547866697,79.93,0.49,sell,293563883
1750547866768,79.93,4.853,sell,293563884
1750547866931,79.92,0.583,sell,293563885
1750547866940,79.92,5.83,sell,293563886
1750547866944,79.92,4.081,sell,293563887
1750547866946,79.92,3.129,sell,293563888
1750547866993,79.92,3.129,sell,293563889
1750547867334,79.92,3.219,sell,293563890
1750547867340,79.92,3.129,sell,293563891
1750547867438,79.92,3.963,sell,293563892
1750547867440,79.92,3.129,sell,293563893
1750547867440,79.92,0.397,sell,293563894
1750547867564,79.92,3.129,sell,293563895
1750547867571,79.92,1.367,sell,293563896
1750547867598,79.91,0.883,sell,293563897
1750547868218,79.91,0.968,sell,293563898
1750547868223,79.91,1.383,sell,293563899
1750547868225,79.91,2.05,sell,293563900
1750547868246,79.9,1.079,sell,293563901
1750547868255,79.9,3.129,sell,293563902
1750547868747,79.91,1.909,sell,293563903
1750547868748,79.91,3.129,sell,293563904
1750547868750,79.91,3.129,sell,293563905
1750547868752,79.91,1.337,sell,293563906
1750547868958,79.91,0.529,sell,293563907
1750547869002,79.92,0.078,buy,293563908
1750547869032,79.91,3.66,sell,293563909
1750547869041,79.91,3.129,sell,293563910
1750547869042,79.91,3.129,sell,293563911
1750547869139,79.91,4.664,sell,293563912
1750547869246,79.91,0.42,sell,293563913
1750547869294,79.91,3.129,sell,293563914
1750547869301,79.91,3.129,sell,293563915
1750547869303,79.91,2.938,sell,293563916
1750547869520,79.91,3.236,sell,293563917
1750547869540,79.91,1.107,sell,293563918
1750547869564,79.9,1.067,sell,293563919
1750547869567,79.9,0.44,sell,293563920
1750547869674,79.9,0.465,sell,293563921
1750547870924,79.9,9.963,sell,293563922
1750547870930,79.89,33.51,sell,293563923
1750547870934,79.89,0.066,sell,293563924
1750547870935,79.89,1.101,buy,293563925
1750547870935,79.89,1.101,buy,293563926
1750547870936,79.89,1.101,buy,293563927
1750547870936,79.89,1.101,buy,293563928
1750547870936,79.89,1.101,buy,293563929
1750547870936,79.89,1.101,buy,293563930
1750547870936,79.89,1.101,buy,293563931
1750547870937,79.89,1.101,buy,293563932
1750547870937,79.89,1.101,buy,293563933
1750547870937,79.89,1.101,buy,293563934
1750547870937,79.89,1.101,buy,293563935
1750547870940,79.89,1.101,buy,293563936
1750547870952,79.89,4.605,buy,293563937
1750547870952,79.89,6.362,buy,293563938
1750547870953,79.89,4.605,buy,293563939
1750547870953,79.89,4.605,buy,293563940
1750547870954,79.89,0.35,buy,293563941
1750547870954,79.89,6.906,buy,293563942
1750547871019,79.88,57.886,sell,293563943
1750547871022,79.88,35.94,sell,293563944
1750547871057,79.87,37.142,sell,293563945
1750547871080,79.87,0.261,sell,293563946
1750547871436,79.86,0.301,sell,293563947
1750547871437,79.86,0.264,sell,293563948
1750547871477,79.86,11.531,sell,293563949
1750547871483,79.85,0.449,sell,293563950
1750547871525,79.85,0.6,buy,293563951
1750547871602,79.84,0.274,sell,293563952
1750547871609,79.84,1.342,sell,293563953
1750547871839,79.83,0.451,sell,293563954
1750547872525,79.83,0.6,buy,293563955
1750547873049,79.82,3.133,sell,293563956
1750547873050,79.82,1.529,sell,293563957
1750547873052,79.82,1.071,sell,293563958
1750547873079,79.82,3.133,sell,293563959
1750547873335,79.83,38.128,buy,293563960
1750547873346,79.83,8.873,sell,293563961
1750547873347,79.83,1.709,sell,293563962
1750547873483,79.83,0.425,sell,293563963
1750547873528,79.84,0.599,buy,293563964
1750547873888,79.84,16.256,buy,293563965
1750547873898,79.85,0.126,buy,293563966
1750547874223,79.85,2.267,sell,293563967
1750547874263,79.85,3.132,sell,293563968
1750547874269,79.85,3.132,sell,293563969
1750547874278,79.85,2.44,sell,293563970
1750547874529,79.86,0.6,buy,293563971
1750547875431,79.85,0.277,sell,293563972
1750547875490,79.86,0.425,buy,293563973
1750547875530,79.86,0.6,buy,293563974
1750547875848,79.86,0.307,sell,293563975
1750547875855,79.86,3.131,sell,293563976
1750547875856,79.86,2.143,sell,293563977
1750547875856,79.86,3.062,sell,293563978
1750547875857,79.86,3.131,sell,293563979
1750547876401,79.88,0.192,buy,293563980
1750547876696,79.88,0.26,sell,293563981
1750547877529,79.87,0.399,sell,293563982
1750547878458,79.87,0.099,sell,293563983
1750547880500,79.87,0.357,sell,293563984
1750547881462,79.86,2.212,sell,293563985
1750547882292,79.87,0.237,buy,293563986
1750547883597,79.87,0.642,buy,293563987
1750547884367,79.86,0.709,sell,293563988
1750547884621,79.86,1.162,sell,293563989
1750547884700,79.85,0.274,sell,293563990
1750547884734,79.85,0.397,sell,293563991
1750547884741,79.85,0.11,sell,293563992
1750547885933,79.84,0.396,sell,293563993
1750547885941,79.84,0.252,sell,293563994
1750547886871,79.83,0.451,sell,293563995
1750547887394,79.83,1.45,buy,293563996
1750547890700,79.83,0.795,buy,293563997
1750547892201,79.83,0.26,sell,293563998
1750547893500,79.84,0.192,buy,293563999
1750547893638,79.84,3.132,sell,293564000
1750547893644,79.84,3.132,sell,293564001
1750547893646,79.84,0.484,sell,293564002
1750547893648,79.84,4.835,sell,293564003
1750547893654,79.84,3.385,sell,293564004
1750547893910,79.84,1.77,sell,293564005
1750547893914,79.84,0.497,sell,293564006
1750547893964,79.84,2.568,sell,293564007
1750547893993,79.84,0.71,sell,293564008
1750547894170,79.84,0.196,sell,293564009
1750547894170,79.83,18.028,sell,293564010
1750547894170,79.82,5.378,sell,293564011
1750547896592,79.82,0.415,sell,293564012
1750547897085,79.82,6.523,sell,293564013
1750547897093,79.81,20.902,sell,293564014
1750547897180,79.81,0.096,buy,293564015
1750547899654,79.81,1.504,buy,293564016
1750547899667,79.8,0.52,sell,293564017
1750547899987,79.79,0.641,sell,293564018
1750547900003,79.78,4.274,sell,293564019
1750547900196,79.77,3.134,sell,293564020
1750547900204,79.77,2.004,sell,293564021
1750547900204,79.77,3.134,sell,293564022
1750547900208,79.77,1.403,sell,293564023
1750547904401,79.78,1.159,buy,293564024
1750547905214,79.77,6.592,sell,293564025
1750547905366,79.76,1.644,sell,293564026
1750547905368,79.76,0.66,sell,293564027
1750547905373,79.76,0.462,sell,293564028
1750547905379,79.76,2.384,sell,293564029
1750547906892,79.77,5.667,sell,293564030
1750547906931,79.77,0.197,sell,293564031
1750547907093,79.76,0.264,sell,293564032
1750547907098,79.76,0.383,sell,293564033
1750547907855,79.77,0.119,buy,293564034
1750547910962,79.77,17.842,sell,293564035
1750547910968,79.76,14.294,sell,293564036
1750547910971,79.76,6.828,sell,293564037
1750547910972,79.76,6.79,sell,293564038
1750547910975,79.75,1.116,sell,293564039
1750547910975,79.75,1.294,sell,293564040
1750547910977,79.75,14.138,sell,293564041
1750547910982,79.74,17.693,sell,293564042
1750547910990,79.74,4.466,sell,293564043
1750547910990,79.73,11.855,sell,293564044
1750547911000,79.73,4,sell,293564045
1750547911018,79.73,29.717,sell,293564046
1750547911025,79.72,7.811,sell,293564047
1750547911032,79.72,13.477,sell,293564048
1750547911032,79.72,17.655,sell,293564049
1750547911032,79.71,22.951,sell,293564050
1750547911074,79.71,0.263,sell,293564051
1750547911105,79.7,48.185,sell,293564052
1750547911113,79.7,4.949,sell,293564053
1750547911114,79.7,17.104,sell,293564054
1750547911118,79.7,5.133,sell,293564055
1750547911153,79.69,3.3,sell,293564056
1750547911182,79.69,0.131,sell,293564057
1750547911237,79.68,6.7,sell,293564058
1750547911344,79.68,0.822,sell,293564059
1750547911344,79.67,2.232,sell,293564060
1750547911344,79.66,5.545,sell,293564061
1750547911344,79.65,1.439,sell,293564062
1750547911468,79.65,0.304,sell,293564063
1750547911571,79.66,4.51,buy,293564064
1750547911762,79.65,3.543,sell,293564065
1750547911773,79.65,3.734,sell,293564066
1750547911793,79.66,10.661,buy,293564067
1750547911832,79.66,0.066,buy,293564068
1750547911832,79.67,0.534,buy,293564069
1750547912070,79.67,1.389,buy,293564070
1750547912076,79.66,0.6,sell,293564071
1750547912156,79.66,0.195,sell,293564072
1750547912370,79.65,0.304,sell,293564073
1750547912378,79.65,0.283,sell,293564074
1750547912378,79.64,0.021,sell,293564075
1750547912569,79.64,0.6,sell,293564076
1750547912834,79.65,0.6,buy,293564077
1750547913076,79.64,0.6,sell,293564078
1750547913127,79.65,33.079,buy,293564079
1750547913135,79.66,7.295,buy,293564080
1750547913136,79.66,0.066,buy,293564081
1750547913151,79.67,0.457,buy,293564082
1750547913282,79.66,0.26,sell,293564083
1750547913301,79.65,16.284,sell,293564084
1750547913571,79.65,0.196,sell,293564085
1750547913571,79.64,0.403,sell,293564086
1750547913606,79.65,2.361,buy,293564087
1750547913775,79.65,2.565,buy,293564088
1750547913822,79.65,0.6,buy,293564089
1750547914054,79.64,9.074,sell,293564090
1750547914056,79.64,0.065,sell,293564091
1750547914058,79.64,0.131,sell,293564092
1750547914059,79.64,0.407,buy,293564093
1750547914498,79.63,18.544,sell,293564094
1750547914498,79.62,1.082,sell,293564095
1750547914661,79.63,16.043,buy,293564096
1750547914827,79.64,0.6,buy,293564097
1750547914854,79.63,0.195,sell,293564098
1750547914918,79.62,2.362,sell,293564099
1750547915830,79.63,0.6,buy,293564100
1750547915946,79.62,15.277,sell,293564101
1750547916107,79.62,20.683,sell,293564102
1750547916269,79.63,14.461,buy,293564103
1750547916269,79.63,4.088,buy,293564104
1750547916298,79.64,1.712,buy,293564105
1750547916300,79.64,14.517,buy,293564106
1750547916300,79.64,1.468,buy,293564107
1750547916483,79.64,3.14,sell,293564108
1750547916487,79.64,2.418,sell,293564109
1750547916493,79.64,3.14,sell,293564110
1750547916495,79.64,1.693,sell,293564111
1750547916525,79.65,16.17,buy,293564112
1750547916525,79.65,20.839,buy,293564113
1750547916825,79.66,0.192,buy,293564114
1750547916910,79.67,11.442,buy,293564115
1750547917130,79.67,0.426,sell,293564116
1750547918060,79.68,0.126,buy,293564117
1750547918200,79.69,0.192,buy,293564118
1750547918627,79.7,0.126,buy,293564119
1750547918727,79.7,0.94,sell,293564120
1750547918842,79.71,0.314,buy,293564121
1750547919006,79.7,0.26,sell,293564122
1750547924872,79.7,6.225,sell,293564123
1750547925069,79.71,0.192,buy,293564124
1750547925069,79.72,1.541,buy,293564125
1750547925069,79.73,0.012,buy,293564126
1750547925076,79.72,0.195,sell,293564127
1750547925447,79.72,0.188,buy,293564128
1750547926281,79.71,0.196,sell,293564129
1750547926288,79.71,0.131,sell,293564130
1750547926291,79.71,0.131,sell,293564131
1750547926301,79.71,0.261,sell,293564132
1750547930829,79.71,2.612,buy,293564133
1750547934115,79.72,0.192,buy,293564134
1750547934115,79.73,0.936,buy,293564135
1750547934142,79.72,0.069,sell,293564136
1750547936580,79.73,3.843,buy,293564137
1750547936584,79.74,107.942,buy,293564138
1750547936658,79.74,8.995,buy,293564139
1750547936735,79.74,0.26,sell,293564140
1750547937299,79.73,6.721,sell,293564141
1750547937385,79.73,0.196,sell,293564142
1750547937419,79.72,0.673,sell,293564143
1750547937421,79.72,2.431,sell,293564144
1750547937421,79.72,0.275,sell,293564145
1750547937423,79.72,1.676,sell,293564146
1750547940303,79.72,8.23,sell,293564147
1750547940304,79.72,11.19,sell,293564148
1750547940304,79.72,11.76,sell,293564149
1750547940304,79.72,16.56,sell,293564150
1750547940305,79.72,17.82,sell,293564151
1750547940307,79.72,11.959,sell,293564152
1750547940307,79.72,0.065,sell,293564153
1750547940491,79.72,9.27,buy,293564154
1750547940509,79.73,0.126,buy,293564155
1750547940670,79.73,5.282,sell,293564156
1750547940676,79.73,6.272,sell,293564157
1750547940679,79.73,3.136,sell,293564158
1750547940752,79.73,0.755,sell,293564159
1750547940757,79.73,3.136,sell,293564160
1750547940889,79.74,7.204,buy,293564161
1750547941174,79.74,0.296,sell,293564162
1750547943278,79.75,0.238,buy,293564163
1750547944752,79.74,1.222,sell,293564164
1750547944869,79.73,23.447,sell,293564165
1750547944871,79.73,0.065,sell,293564166
1750547945950,79.73,3.136,sell,293564167
1750547946700,79.73,0.186,sell,293564168
1750547946759,79.73,0.206,sell,293564169
1750547947243,79.72,0.288,sell,293564170
1750547948200,79.72,0.234,sell,293564171
1750547948260,79.71,0.451,sell,293564172
1750547948954,79.7,3.137,sell,293564173
1750547948959,79.7,1.087,sell,293564174
1750547948972,79.7,1.553,sell,293564175
1750547949016,79.7,3.137,sell,293564176
1750547949600,79.7,0.196,sell,293564177
1750547949881,79.69,0.451,sell,293564178
1750547950339,79.69,3.138,sell,293564179
1750547950357,79.69,0.284,sell,293564180
1750547950365,79.69,2.838,sell,293564181
1750547950367,79.69,1.987,sell,293564182
1750547950389,79.69,3.138,sell,293564183
1750547951323,79.69,0.195,sell,293564184
1750547951419,79.68,3.138,sell,293564185
1750547951421,79.68,0.997,sell,293564186
1750547951422,79.68,0.698,sell,293564187
1750547951438,79.68,2.484,sell,293564188
1750547952843,79.7,0.126,buy,293564189
1750547952968,79.7,2.491,sell,293564190
1750547952971,79.7,1.717,sell,293564191
1750547952974,79.7,0.689,sell,293564192
1750547952974,79.7,0.483,sell,293564193
1750547954401,79.72,0.192,buy,293564194
1750547954550,79.73,0.126,buy,293564195
1750547956451,79.73,0.356,sell,293564196
1750547956583,79.72,1.652,sell,293564197
1750547956586,79.72,2.397,sell,293564198
1750547956590,79.72,0.464,sell,293564199
1750547956593,79.72,0.663,sell,293564200
1750547957112,79.72,3.136,sell,293564201
1750547957115,79.72,1.521,sell,293564202
1750547957117,79.72,3.136,sell,293564203
1750547957119,79.72,2.173,sell,293564204
1750547957200,79.72,0.196,sell,293564205
1750547957706,79.71,0.451,sell,293564206
1750547958248,79.7,0.614,sell,293564207
1750547961803,79.71,9.009,buy,293564208
1750547961925,79.7,1.204,sell,293564209
1750547964799,79.71,0.26,sell,293564210
1750547965568,79.7,1,sell,293564211
1750547967249,79.71,0.347,buy,293564212
1750547967366,79.7,6.468,sell,293564213
1750547967366,79.7,0.065,sell,293564214
1750547967375,79.69,0.451,sell,293564215
1750547969793,79.69,0.501,buy,293564216
1750547970747,79.68,0.522,sell,293564217
1750547970747,79.68,0.065,sell,293564218
1750547970748,79.67,0.451,sell,293564219
1750547970858,79.66,0.353,sell,293564220
1750547971562,79.67,0.184,buy,293564221
1750547974700,79.66,0.442,sell,293564222
1750547978825,79.66,0.188,buy,293564223
1750547980188,79.65,0.451,sell,293564224
1750547981849,79.65,3.139,sell,293564225
1750547981854,79.65,1.252,sell,293564226
1750547981854,79.65,0.877,sell,293564227
1750547981855,79.65,3.121,sell,293564228
1750547982230,79.65,1.124,sell,293564229
1750547982236,79.65,0.451,sell,293564230
1750547982239,79.65,1.63,sell,293564231
1750547982247,79.65,0.316,sell,293564232
1750547982440,79.65,0.568,sell,293564233
1750547982509,79.65,0.619,sell,293564234
1750547984034,79.66,0.126,buy,293564235
1750547984655,79.66,12.56,sell,293564236
1750547984764,79.66,0.261,sell,293564237
1750547984764,79.65,0.436,sell,293564238
1750547985380,79.66,0.083,buy,293564239
1750547986526,79.65,12.56,sell,293564240
1750547986666,79.65,1.004,sell,293564241
1750547989702,79.66,0.152,buy,293564242
1750547990701,79.66,0.58,buy,293564243
1750547991219,79.67,14.919,buy,293564244
1750547991229,79.68,0.221,buy,293564245
1750547992800,79.69,0.192,buy,293564246
1750547994000,79.7,0.14,buy,293564247
1750547994341,79.69,1.032,sell,293564248
1750547994341,79.68,11.518,sell,293564249
1750547994482,79.68,0.925,sell,293564250
1750547994796,79.68,0.13,sell,293564251
1750547997346,79.67,36.842,sell,293564252
1750547997836,79.67,12.55,sell,293564253
1750547997986,79.67,0.185,sell,293564254
1750547998462,79.68,0.111,buy,293564255
1750547999230,79.67,36.52,sell,293564256
1750547999230,79.66,74.008,sell,293564257
1750547999594,79.67,7.551,buy,293564258
1750547999594,79.67,2.523,buy,293564259
1750547999606,79.68,0.126,buy,293564260
1750547999866,79.68,43.997,sell,293564261
1750547999866,79.67,68.382,sell,293564262
1750548000850,79.67,6.839,sell,293564263
1750548001334,79.66,0.451,sell,293564264
1750548001651,79.65,0.517,sell,293564265
1750548001801,79.64,0.649,sell,293564266
1750548001996,79.63,0.452,sell,293564267
1750548001996,79.62,0.681,sell,293564268
1750548002300,79.62,0.158,sell,293564269
1750548002743,79.61,0.818,sell,293564270
1750548002868,79.6,0.273,sell,293564271
1750548002912,79.6,0.386,sell,293564272
1750548003771,79.59,0.517,sell,293564273
1750548004095,79.59,0.891,buy,293564274
1750548004599,79.59,3.142,sell,293564275
1750548004600,79.6,0.126,buy,293564276
1750548004603,79.6,1.145,sell,293564277
1750548004606,79.6,2.854,sell,293564278
1750548004612,79.6,0.802,sell,293564279
1750548004620,79.61,0.188,buy,293564280
1750548004719,79.6,0.195,sell,293564281
1750548006008,79.59,0.504,sell,293564282
1750548006108,79.58,0.385,sell,293564283
1750548006152,79.58,0.265,sell,293564284
1750548007966,79.6,0.633,buy,293564285
1750548008079,79.6,0.126,buy,293564286
1750548008142,79.6,0.394,sell,293564287
1750548008143,79.6,1.425,sell,293564288
1750548008151,79.6,0.196,sell,293564289
1750548008184,79.59,0.786,sell,293564290
1750548008254,79.59,0.276,sell,293564291
1750548009262,79.6,6.194,buy,293564292
1750548011088,79.61,2.184,buy,293564293
1750548012041,79.61,0.09,buy,293564294
1750548013121,79.62,0.126,buy,293564295
1750548015711,79.63,0.126,buy,293564296
1750548017909,79.64,3.229,buy,293564297
1750548017919,79.64,0.244,buy,293564298
1750548017919,79.64,2.436,buy,293564299
1750548017922,79.65,0.221,buy,293564300
1750548018619,79.66,8.527,buy,293564301
1750548018749,79.67,0.126,buy,293564302
1750548020467,79.68,0.07,buy,293564303
1750548020542,79.68,0.654,sell,293564304
1750548020546,79.68,1.629,sell,293564305
1750548020548,79.68,2.363,sell,293564306
1750548020549,79.68,0.458,sell,293564307
1750548022908,79.69,1.565,buy,293564308
1750548024866,79.69,0.372,buy,293564309
1750548026159,79.69,0.9,buy,293564310
1750548026163,79.69,0.9,buy,293564311
1750548026175,79.69,0.768,buy,293564312
1750548026195,79.69,0.9,buy,293564313
1750548026205,79.69,0.9,buy,293564314
1750548026215,79.69,0.834,buy,293564315
1750548026216,79.69,0.132,buy,293564316
1750548026232,79.69,0.702,buy,293564317
1750548026236,79.69,0.198,buy,293564318
1750548026244,79.69,0.702,buy,293564319
1750548026257,79.69,0.198,buy,293564320
1750548026260,79.69,0.591,buy,293564321
1750548026348,79.69,0.12,buy,293564322
1750548026351,79.69,0.773,buy,293564323
1750548026352,79.69,0.111,buy,293564324
1750548026456,79.7,0.584,buy,293564325
1750548026501,79.7,0.555,buy,293564326
1750548026539,79.7,0.122,buy,293564327
1750548026557,79.71,0.196,buy,293564328
1750548027196,79.72,0.513,buy,293564329
1750548027201,79.73,0.195,buy,293564330
1750548027338,79.73,0.475,sell,293564331
1750548027342,79.73,1.184,sell,293564332
1750548027343,79.73,1.717,sell,293564333
1750548027345,79.73,0.333,sell,293564334
1750548029422,79.74,0.298,buy,293564335
1750548031413,79.74,1.284,sell,293564336
1750548032398,79.75,0.324,buy,293564337
1750548032494,79.75,0.094,buy,293564338
1750548032541,79.75,0.459,sell,293564339
1750548032544,79.75,1.632,sell,293564340
1750548032553,79.75,2.367,sell,293564341
1750548032560,79.75,0.655,sell,293564342
1750548033310,79.75,2.459,sell,293564343
1750548034808,79.76,1.421,buy,293564344
1750548035975,79.75,16.048,sell,293564345
1750548035977,79.75,8.542,sell,293564346
1750548037058,79.74,0.594,sell,293564347
1750548037076,79.73,0.451,sell,293564348
1750548038691,79.74,0.126,buy,293564349
1750548038695,79.74,4.985,buy,293564350
1750548038739,79.74,1.86,sell,293564351
1750548038742,79.74,0.746,sell,293564352
1750548038743,79.74,0.523,sell,293564353
1750548038749,79.74,2.698,sell,293564354
1750548039273,79.74,7.097,sell,293564355
1750548041466,79.75,0.126,buy,293564356
1750548041536,79.75,0.47,sell,293564357
1750548041541,79.75,1.699,sell,293564358
1750548041543,79.75,0.329,sell,293564359
1750548041543,79.75,1.172,sell,293564360
1750548042787,79.76,1.025,buy,293564361
1750548042800,79.76,0.899,buy,293564362
1750548042818,79.76,0.899,buy,293564363
1750548042860,79.76,0.899,buy,293564364
1750548042885,79.76,0.899,buy,293564365
1750548042891,79.76,0.758,buy,293564366
1750548042894,79.76,3.405,buy,293564367
1750548043796,79.77,0.192,buy,293564368
1750548043900,79.78,0.195,buy,293564369
1750548044003,79.79,0.096,buy,293564370
1750548044755,79.79,0.092,buy,293564371
1750548046693,79.8,0.321,buy,293564372
1750548046741,79.81,0.066,buy,293564373
1750548047181,79.82,0.069,buy,293564374
1750548047898,79.83,6.266,buy,293564375
1750548047935,79.82,6.458,sell,293564376
1750548047935,79.82,0.065,sell,293564377
1750548047937,79.81,0.48,sell,293564378
1750548049000,79.8,0.452,sell,293564379
1750548050664,79.81,8.519,buy,293564380
1750548050675,79.82,0.126,buy,293564381
1750548050863,79.82,0.195,sell,293564382
1750548053675,79.81,0.451,sell,293564383
1750548056000,79.8,0.517,sell,293564384
1750548056946,79.79,7.822,sell,293564385
1750548056946,79.79,0.065,sell,293564386
1750548057893,79.79,0.188,buy,293564387
1750548057906,79.78,0.451,sell,293564388
1750548058287,79.78,0.234,buy,293564389
1750548058800,79.77,0.452,sell,293564390
1750548058806,79.77,0.065,sell,293564391
1750548058850,79.76,0.451,sell,293564392
1750548058855,79.76,0.192,buy,293564393
1750548059062,79.76,0.066,buy,293564394
1750548059067,79.77,11.537,buy,293564395
1750548059067,79.78,9.927,buy,293564396
1750548059082,79.78,0.066,buy,293564397
1750548059084,79.79,6.487,buy,293564398
1750548059102,79.79,11.344,buy,293564399
1750548059181,79.79,3.698,sell,293564400
1750548059183,79.79,3.134,sell,293564401
1750548059189,79.79,0.261,sell,293564402
1750548059189,79.78,2.328,sell,293564403
1750548059199,79.78,3.134,sell,293564404
1750548059209,79.78,0.37,sell,293564405
1750548060133,79.78,11.893,sell,293564406
1750548060133,79.78,0.899,sell,293564407
1750548063005,79.78,0.167,buy,293564408
1750548063469,79.79,0.126,buy,293564409
1750548063713,79.8,1.232,buy,293564410
1750548065311,79.8,0.141,buy,293564411
1750548065397,79.8,1.252,buy,293564412
1750548065563,79.79,0.079,sell,293564413
1750548068422,79.8,0.705,buy,293564414
1750548068425,79.8,6.024,buy,293564415
1750548069796,79.8,2.989,sell,293564416
1750548069877,79.79,4.549,sell,293564417
1750548069975,79.8,0.886,buy,293564418
1750548073496,79.81,0.557,sell,293564419
1750548075588,79.81,10.436,sell,293564420
1750548077260,79.82,0.261,buy,293564421
1750548077924,79.82,1.279,sell,293564422
1750548078705,79.82,5.577,sell,293564423
1750548078707,79.81,0.451,sell,293564424
1750548080223,79.81,4.997,buy,293564425
1750548080618,79.82,0.066,buy,293564426
1750548082262,79.83,0.126,buy,293564427
1750548082265,79.83,3.243,buy,293564428
1750548082376,79.83,1.824,sell,293564429
1750548083686,79.83,20.583,sell,293564430
1750548083686,79.82,19.542,sell,293564431
1750548084352,79.84,0.069,buy,293564432
1750548085141,79.84,11.6,sell,293564433
1750548085141,79.83,42.599,sell,293564434
1750548085141,79.82,5.989,sell,293564435
1750548085145,79.83,3.253,buy,293564436
1750548085184,79.83,0.462,buy,293564437
1750548085302,79.84,0.126,buy,293564438
1750548085304,79.84,4.219,buy,293564439
1750548085307,79.84,2.908,buy,293564440
1750548086432,79.83,3.381,sell,293564441
1750548086875,79.83,6.653,sell,293564442
1750548086875,79.82,53.535,sell,293564443
1750548092309,79.82,0.066,sell,293564444
1750548094100,79.83,0.066,buy,293564445
1750548095725,79.83,0.314,sell,293564446
1750548096102,79.83,6.458,sell,293564447
1750548096102,79.82,14.4,sell,293564448
1750548096467,79.82,4.322,sell,293564449
1750548096912,79.81,0.517,sell,293564450
1750548098285,79.8,0.586,sell,293564451
1750548098362,79.79,0.611,sell,293564452
1750548100022,79.78,0.586,sell,293564453
1750548101658,79.78,1.399,buy,293564454
1750548103415,79.77,0.56,sell,293564455
1750548104342,79.77,0.334,buy,293564456
1750548104950,79.77,0.48,buy,293564457
1750548105518,79.76,0.222,sell,293564458
1750548106260,79.76,0.298,sell,293564459
1750548106379,79.75,10.784,sell,293564460
1750548106433,79.74,1.026,sell,293564461
1750548106433,79.73,15.675,sell,293564462
1750548106433,79.72,1.253,sell,293564463
1750548107299,79.74,1.103,buy,293564464
1750548107299,79.74,1.103,buy,293564465
1750548107299,79.74,1.103,buy,293564466
1750548107299,79.74,1.103,buy,293564467
1750548107299,79.74,1.103,buy,293564468
1750548107299,79.74,1.103,buy,293564469
1750548107299,79.74,1.103,buy,293564470
1750548107299,79.74,0.466,buy,293564471
1750548107299,79.75,0.637,buy,293564472
1750548107299,79.75,1.103,buy,293564473
1750548107299,79.75,1.103,buy,293564474
1750548107299,79.75,1.103,buy,293564475
1750548107299,79.75,1.103,buy,293564476
1750548107299,79.75,1.253,buy,293564477
1750548107299,79.75,1.103,buy,293564478
1750548107299,79.75,4.614,buy,293564479
1750548107299,79.75,1.103,buy,293564480
1750548107300,79.75,1.103,buy,293564481
1750548107300,79.75,4.614,buy,293564482
1750548107300,79.75,1.103,buy,293564483
1750548107300,79.75,1.103,buy,293564484
1750548107301,79.75,4.614,buy,293564485
1750548107301,79.75,4.614,buy,293564486
1750548107302,79.75,4.614,buy,293564487
1750548107306,79.75,19.697,buy,293564488
1750548107436,79.76,8.187,buy,293564489
1750548107463,79.77,0.399,buy,293564490
1750548107916,79.78,0.221,buy,293564491
1750548107962,79.79,0.221,buy,293564492
1750548108002,79.8,24.487,buy,293564493
1750548108035,79.8,3.54,sell,293564494
1750548108042,79.8,3.134,sell,293564495
1750548108043,79.8,3.134,sell,293564496
1750548108046,79.8,2.478,sell,293564497
1750548108055,79.8,0.355,sell,293564498
1750548108445,79.81,0.399,buy,293564499
1750548109446,79.81,0.4,buy,293564500
1750548109551,79.81,4.05,buy,293564501
1750548110448,79.81,0.4,buy,293564502
1750548111453,79.81,0.4,buy,293564503
1750548115212,79.8,2.016,sell,293564504
1750548115212,79.8,2.016,sell,293564505
1750548115212,79.8,2.016,sell,293564506
1750548115212,79.8,2.016,sell,293564507
1750548115212,79.8,2.012,sell,293564508
1750548115213,79.8,10.265,sell,293564509
1750548115213,79.8,3.803,sell,293564510
1750548115213,79.8,3.803,sell,293564511
1750548115214,79.8,16.875,sell,293564512
1750548115214,79.8,3.803,sell,293564513
1750548115214,79.8,3.803,sell,293564514
1750548115214,79.8,3.801,sell,293564515
1750548115215,79.8,3.641,sell,293564516
1750548115215,79.8,3.641,sell,293564517
1750548115215,79.8,3.64,sell,293564518
1750548115215,79.8,3.641,sell,293564519
1750548115215,79.8,3.641,sell,293564520
1750548115216,79.8,12.692,sell,293564521
1750548115216,79.8,26.697,sell,293564522
1750548115216,79.8,45.234,sell,293564523
1750548115216,79.8,21.058,sell,293564524
1750548115217,79.8,8.849,sell,293564525
1750548115218,79.8,5.131,sell,293564526
1750548115232,79.79,0.125,sell,293564527
1750548115334,79.79,2.004,sell,293564528
1750548115336,79.79,6.266,sell,293564529
1750548115339,79.79,3.133,sell,293564530
1750548115343,79.79,3.133,sell,293564531
1750548115343,79.79,6.266,sell,293564532
1750548115616,79.79,6.267,sell,293564533
1750548115622,79.79,3.134,sell,293564534
1750548115625,79.79,3.134,sell,293564535
1750548115641,79.79,0.834,sell,293564536
1750548115727,79.79,6.267,sell,293564537
1750548115921,79.79,14.2,sell,293564538
1750548115921,79.79,39.883,sell,293564539
1750548115921,79.79,9.482,sell,293564540
1750548115927,79.78,6.143,sell,293564541
1750548115944,79.78,0.13,sell,293564542
1750548116800,79.77,0.517,sell,293564543
1750548118556,79.76,4.39,sell,293564544
1750548119135,79.78,0.192,buy,293564545
1750548120203,79.79,1.58,buy,293564546
1750548120304,79.78,27.491,sell,293564547
1750548120304,79.77,104.976,sell,293564548
1750548120368,79.77,0.261,sell,293564549
1750548120368,79.76,7.809,sell,293564550
1750548120522,79.75,0.275,sell,293564551
1750548120525,79.75,3.134,sell,293564552
1750548120526,79.75,3.134,sell,293564553
1750548120531,79.75,1.92,sell,293564554
1750548120561,79.75,2.743,sell,293564555
1750548120800,79.75,0.261,sell,293564556
1750548122442,79.75,0.403,sell,293564557
1750548122451,79.75,0.584,sell,293564558
1750548123696,79.76,0.126,buy,293564559
1750548128301,79.77,0.086,buy,293564560
1750548129761,79.77,0.106,buy,293564561
1750548132542,79.78,0.126,buy,293564562
1750548133857,79.78,0.325,sell,293564563
1750548134942,79.77,4.64,sell,293564564
1750548134942,79.77,0.065,sell,293564565
1750548135081,79.76,0.325,sell,293564566
1750548135083,79.76,0.464,sell,293564567
1750548135095,79.76,0.738,sell,293564568
1750548135095,79.75,0.419,sell,293564569
1750548135102,79.75,1.678,sell,293564570
1750548136478,79.77,0.332,buy,293564571
1750548139034,79.77,7.855,buy,293564572
1750548139034,79.78,6.738,buy,293564573
1750548139168,79.77,0.195,sell,293564574
1750548140262,79.76,4.677,sell,293564575
1750548140262,79.75,84.101,sell,293564576
1750548140274,79.74,0.457,sell,293564577
1750548140276,79.74,1.103,buy,293564578
1750548140277,79.74,1.103,buy,293564579
1750548140277,79.74,1.103,buy,293564580
1750548140279,79.74,4.614,buy,293564581
1750548140279,79.74,4.614,buy,293564582
1750548140282,79.74,4.614,buy,293564583
1750548140283,79.74,22.501,buy,293564584
1750548140347,79.74,0.195,sell,293564585
1750548140349,79.74,16.017,buy,293564586
1750548140416,79.74,11.284,buy,293564587
1750548140484,79.74,0.195,sell,293564588
1750548142100,79.73,0.46,sell,293564589
1750548142204,79.72,0.649,sell,293564590
1750548143622,79.71,0.451,sell,293564591
1750548146721,79.71,10,buy,293564592
1750548147755,79.71,0.175,buy,293564593
1750548147917,79.71,1.104,buy,293564594
1750548147964,79.71,0.066,buy,293564595
1750548148339,79.72,0.126,buy,293564596
1750548149300,79.73,0.192,buy,293564597
1750548151906,79.74,0.223,buy,293564598
1750548152134,79.74,0.125,buy,293564599
1750548152537,79.73,6.387,sell,293564600
1750548152539,79.73,0.065,sell,293564601
1750548153258,79.73,0.647,buy,293564602
1750548160838,79.73,0.13,buy,293564603
1750548161302,79.72,6.596,sell,293564604
1750548161600,79.72,0.196,sell,293564605
1750548161812,79.71,0.451,sell,293564606
1750548164522,79.71,0.687,buy,293564607
1750548166500,79.72,0.192,buy,293564608
1750548166798,79.73,4.146,buy,293564609
1750548168797,79.74,0.219,buy,293564610
1750548170549,79.75,0.125,buy,293564611
1750548171212,79.75,0.093,buy,293564612
1750548172451,79.75,9.439,buy,293564613
1750548173230,79.74,5,sell,293564614
1750548173536,79.74,0.497,sell,293564615
1750548180849,79.74,0.124,sell,293564616
1750548182568,79.74,0.387,sell,293564617
1750548182867,79.73,18.675,sell,293564618
1750548182867,79.72,6.67,sell,293564619
1750548184514,79.72,0.593,sell,293564620
1750548185324,79.74,0.269,buy,293564621
1750548186701,79.74,0.339,buy,293564622
1750548188061,79.74,0.466,sell,293564623
1750548191297,79.73,7.526,sell,293564624
1750548191501,79.73,0.196,sell,293564625
1750548192135,79.72,0.123,sell,293564626
1750548192390,79.72,0.328,sell,293564627
1750548193678,79.72,0.182,buy,293564628
1750548194319,79.72,50,sell,293564629
1750548194490,79.72,0.13,sell,293564630
1750548195969,79.71,3.972,sell,293564631
1750548198503,79.73,0.116,buy,293564632
1750548199223,79.72,0.333,sell,293564633
1750548200639,79.71,0.558,sell,293564634
1750548200646,79.71,0.066,sell,293564635
1750548200966,79.71,0.26,sell,293564636
1750548201055,79.7,0.461,sell,293564637
1750548201203,79.69,0.587,sell,293564638
1750548202851,79.68,10.154,sell,293564639
1750548202876,79.68,0.303,buy,293564640
1750548202978,79.67,0.395,sell,293564641
1750548203035,79.67,0.377,buy,293564642
1750548203137,79.67,2.195,buy,293564643
1750548206276,79.66,0.825,sell,293564644
1750548207000,79.66,0.196,sell,293564645
1750548207306,79.66,0.419,buy,293564646
1750548207958,79.65,0.587,sell,293564647
1750548207958,79.64,0.131,sell,293564648
1750548208746,79.65,2.539,buy,293564649
1750548209377,79.64,0.39,sell,293564650
1750548210946,79.63,4.055,sell,293564651
1750548213213,79.64,24.786,sell,293564652
1750548213886,79.64,2.826,sell,293564653
1750548213886,79.63,19.174,sell,293564654
1750548214179,79.64,0.288,buy,293564655
1750548216759,79.64,0.279,sell,293564656
1750548217900,79.65,0.188,buy,293564657
1750548218437,79.64,0.13,sell,293564658
1750548219201,79.63,0.391,sell,293564659
1750548221103,79.62,0.076,sell,293564660
1750548226402,79.63,0.325,sell,293564661
1750548229037,79.63,1.24,buy,293564662
1750548231904,79.62,16.588,sell,293564663
1750548231994,79.62,0.196,sell,293564664
1750548232016,79.61,0.966,sell,293564665
1750548232020,79.61,3.14,sell,293564666
1750548232023,79.61,1.659,sell,293564667
1750548232028,79.61,3.14,sell,293564668
1750548232124,79.61,0.13,sell,293564669
1750548235522,79.61,10,buy,293564670
1750548235525,79.61,6.565,buy,293564671
1750548235692,79.62,1.534,buy,293564672
1750548235740,79.61,0.214,sell,293564673
1750548235751,79.61,0.826,sell,293564674
1750548235752,79.61,2.986,sell,293564675
1750548235753,79.61,2.059,sell,293564676
1750548235755,79.61,0.578,sell,293564677
1750548235756,79.61,1.724,sell,293564678
1750548238681,79.61,0.394,buy,293564679
1750548243999,79.62,0.109,buy,293564680
1750548245721,79.61,0.3,sell,293564681
1750548247168,79.61,0.448,sell,293564682
1750548248573,79.61,2.259,sell,293564683
1750548248623,79.61,0.2,buy,293564684
1750548250102,79.6,69.696,sell,293564685
1750548250103,79.6,0.065,sell,293564686
1750548250189,79.59,0.671,sell,293564687
1750548250189,79.58,2.47,sell,293564688
1750548250198,79.58,4.879,sell,293564689
1750548250199,79.58,6.282,sell,293564690
1750548250247,79.58,1.796,sell,293564691
1750548250247,79.57,1.345,sell,293564692
1750548250264,79.57,0.697,sell,293564693
1750548251637,79.59,0.697,buy,293564694
1750548251800,79.59,0.192,buy,293564695
1750548252259,79.6,0.452,buy,293564696
1750548252958,79.6,0.087,buy,293564697
1750548254634,79.61,1.694,buy,293564698
1750548256160,79.61,0.126,buy,293564699
1750548258192,79.62,0.1,buy,293564700
1750548262396,79.61,0.52,sell,293564701
1750548262398,79.61,0.138,sell,293564702
1750548264208,79.61,32.876,buy,293564703
1750548268237,79.62,2.575,sell,293564704
1750548270102,79.63,0.262,buy,293564705
1750548271590,79.64,0.652,buy,293564706
1750548271982,79.64,0.07,buy,293564707
1750548277743,79.65,6.978,buy,293564708
1750548278955,79.65,0.091,buy,293564709
1750548279668,79.65,0.262,buy,293564710
1750548279962,79.66,0.206,buy,293564711
1750548280942,79.66,6.697,sell,293564712
1750548280944,79.66,0.065,sell,293564713
1750548283400,79.65,0.721,sell,293564714
1750548288646,79.65,0.63,buy,293564715
1750548289378,79.64,0.609,sell,293564716
1750548292278,79.65,4.303,sell,293564717
1750548295100,79.66,0.192,buy,293564718
1750548295453,79.67,0.196,buy,293564719
1750548296468,79.68,0.514,buy,293564720
1750548296523,79.69,0.291,buy,293564721
1750548305417,79.69,0.125,sell,293564722
1750548309053,79.69,0.125,sell,293564723
1750548315762,79.7,0.07,buy,293564724
1750548316580,79.71,0.633,buy,293564725
1750548317778,79.71,0.066,buy,293564726
1750548317778,79.72,0.93,buy,293564727
1750548318800,79.72,0.088,buy,293564728
1750548319888,79.72,13.015,buy,293564729
1750548323096,79.73,0.367,buy,293564730
1750548324331,79.72,2.332,sell,293564731
1750548324333,79.72,6.503,sell,293564732
1750548327787,79.73,0.501,buy,293564733
1750548332221,79.74,0.127,buy,293564734
1750548332676,79.73,0.272,sell,293564735
1750548333164,79.72,0.17,sell,293564736
1750548335305,79.73,0.19,buy,293564737
1750548336279,79.74,6.345,buy,293564738
1750548336895,79.74,1.598,buy,293564739
1750548338642,79.74,0.697,buy,293564740
1750548338904,79.74,0.192,buy,293564741
1750548339028,79.75,93.2,buy,293564742
1750548339033,79.75,6.08,buy,293564743
1750548339103,79.76,0.321,buy,293564744
1750548340713,79.77,0.389,buy,293564745
1750548342871,79.76,3.066,sell,293564746
1750548342879,79.76,1.23,sell,293564747
1750548342880,79.76,0.861,sell,293564748
1750548342900,79.76,7.335,sell,293564749
1750548342905,79.76,1.438,buy,293564750
1750548342908,79.75,0.451,sell,293564751
1750548350836,79.74,2.993,sell,293564752
1750548351358,79.74,0.131,sell,293564753
1750548351388,79.74,0.131,sell,293564754
1750548351389,79.74,0.196,sell,293564755
1750548351763,79.73,0.345,sell,293564756
1750548351785,79.73,0.5,sell,293564757
1750548351919,79.73,0.731,sell,293564758
1750548351936,79.72,0.451,sell,293564759
1750548352029,79.71,0.265,sell,293564760
1750548353334,79.72,1.562,buy,293564761
1750548356900,79.73,0.192,buy,293564762
1750548360016,79.74,1.562,buy,293564763
1750548360018,79.74,0.126,buy,293564764
1750548360905,79.74,0.256,sell,293564765
1750548361918,79.74,0.458,sell,293564766
1750548362561,79.74,0.325,sell,293564767
1750548363154,79.74,1.181,buy,293564768
1750548363174,79.75,0.429,buy,293564769
1750548363346,79.74,1.077,sell,293564770
1750548365134,79.75,0.066,buy,293564771
1750548365271,79.76,1.115,buy,293564772
1750548366668,79.75,0.26,sell,293564773
1750548371221,79.75,0.199,buy,293564774
1750548378978,79.74,1.575,sell,293564775
1750548378980,79.74,0.065,sell,293564776
1750548379192,79.73,0.741,sell,293564777
1750548379192,79.72,0.44,sell,293564778
1750548381054,79.73,0.5,buy,293564779
1750548387137,79.74,0.111,buy,293564780
1750548387555,79.74,0.099,buy,293564781
1750548393600,79.73,1.284,sell,293564782
1750548393600,79.73,0.065,sell,293564783
1750548393676,79.72,0.465,sell,293564784
1750548393678,79.72,1.071,sell,293564785
1750548393683,79.71,0.321,sell,293564786
1750548393691,79.71,0.195,sell,293564787
1750548393805,79.71,0.376,buy,293564788
1750548394100,79.71,0.542,buy,293564789
1750548394369,79.72,0.313,buy,293564790
1750548396388,79.72,0.476,buy,293564791
1750548401871,79.71,0.391,sell,293564792
1750548404816,79.7,0.8,sell,293564793
1750548405400,79.69,0.587,sell,293564794
1750548408384,79.69,0.342,buy,293564795
1750548409703,79.69,7.785,buy,293564796
1750548410140,79.7,1.986,sell,293564797
1750548411078,79.71,0.125,buy,293564798
1750548411567,79.7,0.923,sell,293564799
1750548411600,79.71,0.262,buy,293564800
1750548412345,79.72,0.126,buy,293564801
1750548413758,79.72,0.076,sell,293564802
1750548416773,79.72,0.26,sell,293564803
1750548417494,79.71,0.618,sell,293564804
1750548419706,79.73,0.192,buy,293564805
1750548419794,79.74,0.29,buy,293564806
1750548423691,79.74,0.325,sell,293564807
1750548423724,79.74,0.338,buy,293564808
1750548423778,79.74,0.859,buy,293564809
1750548425601,79.74,0.26,sell,293564810
1750548430411,79.74,0.316,buy,293564811
1750548431435,79.75,0.698,buy,293564812
1750548431600,79.75,0.192,buy,293564813
1750548432559,79.76,0.195,buy,293564814
1750548433159,79.76,1.619,sell,293564815
1750548433167,79.76,0.195,sell,293564816
1750548435273,79.76,1.978,sell,293564817
1750548439422,79.76,1.864,sell,293564818
1750548440421,79.77,10,buy,293564819
1750548442227,79.77,1.181,buy,293564820
1750548442237,79.77,1.181,buy,293564821
1750548442348,79.77,1.268,sell,293564822
1750548442354,79.77,0.874,sell,293564823
1750548442370,79.77,0.351,sell,293564824
1750548443549,79.78,0.261,buy,293564825
1750548443554,79.79,0.29,buy,293564826
1750548443642,79.79,0.723,sell,293564827
1750548443645,79.79,1.802,sell,293564828
1750548443651,79.79,2.614,sell,293564829
1750548443661,79.79,0.506,sell,293564830
1750548446150,79.79,0.309,sell,293564831
1750548449601,79.79,0.226,buy,293564832
1750548453998,79.8,1.774,buy,293564833
1750548456373,79.8,0.066,buy,293564834
1750548456377,79.81,6.433,buy,293564835
1750548457008,79.81,19.542,sell,293564836
1750548459430,79.82,0.195,buy,293564837
1750548461864,79.83,0.195,buy,293564838
1750548461959,79.83,3.132,sell,293564839
1750548461961,79.83,2.348,sell,293564840
1750548461962,79.83,0.66,sell,293564841
1750548461962,79.83,0.942,sell,293564842
1750548463696,79.84,0.069,buy,293564843
1750548467275,79.85,0.069,buy,293564844
1750548471453,79.86,0.195,buy,293564845
1750548474861,79.87,8.061,buy,293564846
1750548474915,79.88,1.181,buy,293564847
1750548475200,79.88,0.538,buy,293564848
1750548475946,79.88,3.72,buy,293564849
1750548475948,79.88,6.649,buy,293564850
1750548475991,79.89,0.29,buy,293564851
1750548476011,79.9,1.181,buy,293564852
1750548476061,79.89,0.676,sell,293564853
1750548476069,79.89,0.965,sell,293564854
1750548476070,79.89,3.13,sell,293564855
1750548476073,79.89,2.405,sell,293564856
1750548476093,79.89,0.13,sell,293564857
1750548476658,79.88,0.883,sell,293564858
1750548479087,79.89,5.7,buy,293564859
1750548479089,79.89,2.616,buy,293564860
1750548481236,79.9,1.11,sell,293564861
1750548481236,79.89,0.071,sell,293564862
1750548481238,79.89,0.445,sell,293564863
1750548481519,79.88,0.461,sell,293564864
1750548481572,79.87,0.451,sell,293564865
1750548484197,79.86,1.245,sell,293564866
1750548485636,79.86,0.612,buy,293564867
1750548487186,79.86,0.738,buy,293564868
1750548487650,79.85,0.386,sell,293564869
1750548487852,79.84,6,sell,293564870
1750548488508,79.84,0.196,sell,293564871
1750548488776,79.84,1.132,buy,293564872
1750548490143,79.83,0.451,sell,293564873
1750548491203,79.82,0.517,sell,293564874
1750548491205,79.81,0.386,sell,293564875
1750548494773,79.81,12.515,buy,293564876
1750548497694,79.8,0.521,sell,293564877
1750548497696,79.8,0.065,sell,293564878
1750548501277,79.79,0.517,sell,293564879
1750548501403,79.78,3.134,sell,293564880
1750548501409,79.78,1.364,sell,293564881
1750548501410,79.78,0.955,sell,293564882
1750548501421,79.78,3.134,sell,293564883
1750548502253,79.78,0.13,sell,293564884
1750548503200,79.77,0.586,sell,293564885
1750548507046,79.77,6.334,buy,293564886
1750548508055,79.77,0.134,sell,293564887
1750548508688,79.77,0.253,sell,293564888
1750548510751,79.78,0.126,buy,293564889
1750548514529,79.78,0.325,sell,293564890
1750548515849,79.78,0.087,buy,293564891
1750548517693,79.78,2.304,buy,293564892
1750548518001,79.78,0.655,buy,293564893
1750548518955,79.77,0.312,sell,293564894
1750548519026,79.77,0.745,sell,293564895
1750548522085,79.76,0.319,sell,293564896
1750548524750,79.76,0.563,sell,293564897
1750548524753,79.76,0.065,sell,293564898
1750548524879,79.75,0.521,sell,293564899
1750548525100,79.75,0.131,sell,293564900
1750548525393,79.74,0.39,sell,293564901
1750548526436,79.73,0.33,sell,293564902
1750548526455,79.72,0.323,sell,293564903
1750548527737,79.72,3.287,sell,293564904
1750548527740,79.72,3.136,sell,293564905
1750548527744,79.72,2.301,sell,293564906
1750548527745,79.72,3.136,sell,293564907
1750548527748,79.72,0.329,sell,293564908
1750548529501,79.73,0.84,buy,293564909
1750548531424,79.73,0.126,buy,293564910
1750548533568,79.74,0.645,buy,293564911
1750548533800,79.73,0.066,sell,293564912
1750548538450,79.74,0.126,buy,293564913
1750548538524,79.75,0.221,buy,293564914
1750548538532,79.75,0.38,sell,293564915
1750548538539,79.75,3.793,sell,293564916
1750548538541,79.75,3.136,sell,293564917
1750548538542,79.75,3.136,sell,293564918
1750548539464,79.76,0.126,buy,293564919
1750548539539,79.76,1.66,sell,293564920
1750548539539,79.76,3.135,sell,293564921
1750548539541,79.76,3.135,sell,293564922
1750548539724,79.77,1.752,buy,293564923
1750548539902,79.76,16.724,sell,293564924
1750548539902,79.75,48.696,sell,293564925
1750548539902,79.74,44.729,sell,293564926
1750548539902,79.73,26.366,sell,293564927
1750548539992,79.74,1.673,sell,293564928
1750548539993,79.74,3.135,sell,293564929
1750548539994,79.74,3.135,sell,293564930
1750548541979,79.76,4.5,buy,293564931
1750548542223,79.76,0.126,buy,293564932
1750548544629,79.76,5.354,sell,293564933
1750548544631,79.76,7.23,sell,293564934
1750548548783,79.75,0.271,sell,293564935
1750548548802,79.74,0.189,sell,293564936
1750548549855,79.73,0.071,sell,293564937
1750548552534,79.74,0.739,buy,293564938
1750548553238,79.74,1.045,buy,293564939
1750548553550,79.74,0.139,buy,293564940
1750548553588,79.74,0.173,buy,293564941
1750548554386,79.73,0.055,sell,293564942
1750548555140,79.72,0.261,sell,293564943
1750548558884,79.72,0.084,buy,293564944
1750548561495,79.73,0.366,buy,293564945
1750548564804,79.71,0.262,sell,293564946
1750548564804,79.7,0.737,sell,293564947
1750548565348,79.7,0.063,sell,293564948
1750548566442,79.7,1.312,buy,293564949
1750548567278,79.71,0.422,buy,293564950
1750548569934,79.7,0.278,sell,293564951
1750548574572,79.71,0.306,buy,293564952
1750548577123,79.71,0.942,buy,293564953
1750548577349,79.72,0.126,buy,293564954
1750548577535,79.73,0.261,buy,293564955
1750548582865,79.74,0.375,buy,293564956
1750548583490,79.73,1.419,sell,293564957
1750548587153,79.74,0.776,buy,293564958
1750548588497,79.74,0.122,buy,293564959
1750548589158,79.74,2.506,buy,293564960
1750548589682,79.74,1.045,buy,293564961
1750548592254,79.73,0.148,sell,293564962
1750548593092,79.74,0.775,buy,293564963
1750548594406,79.73,0.305,sell,293564964
1750548596748,79.73,0.756,buy,293564965
1750548597572,79.73,0.257,buy,293564966
1750548598208,79.73,0.687,buy,293564967
1750548602937,79.72,0.489,sell,293564968
1750548602981,79.71,0.196,sell,293564969
1750548603190,79.7,3.136,sell,293564970
1750548603355,79.7,3.463,sell,293564971
1750548603358,79.69,4.357,sell,293564972
1750548603431,79.68,0.354,sell,293564973
1750548603605,79.68,0.845,buy,293564974
1750548604859,79.69,0.192,buy,293564975
1750548604934,79.7,0.126,buy,293564976
1750548604953,79.7,1.674,sell,293564977
1750548605022,79.71,0.715,buy,293564978
1750548609090,79.7,3.137,sell,293564979
1750548609090,79.7,1.748,sell,293564980
1750548609130,79.69,3.137,sell,293564981
1750548614672,79.69,0.113,sell,293564982
1750548615872,79.69,1.159,buy,293564983
1750548616223,79.7,0.293,buy,293564984
1750548619037,79.7,0.192,buy,293564985
1750548619037,79.71,0.989,buy,293564986
1750548619081,79.71,6.395,buy,293564987
1750548620100,79.7,0.192,sell,293564988
1750548622858,79.7,0.147,buy,293564989
1750548622920,79.7,6.124,buy,293564990
1750548623184,79.7,0.564,buy,293564991
1750548627696,79.7,24.548,sell,293564992
1750548627713,79.69,10.559,sell,293564993
1750548627715,79.68,6.721,sell,293564994
1750548627715,79.68,3.805,sell,293564995
1750548627721,79.68,0.066,sell,293564996
1750548627721,79.67,7.083,sell,293564997
1750548627724,79.67,6.788,sell,293564998
1750548627724,79.67,12.703,sell,293564999
1750548627725,79.67,6.978,sell,293565000
1750548627731,79.66,29.09,sell,293565001
1750548627732,79.66,8.214,sell,293565002
1750548627732,79.66,16.858,sell,293565003
1750548627732,79.66,3.444,sell,293565004
1750548627735,79.66,7.611,sell,293565005
1750548627738,79.66,22.196,sell,293565006
1750548627739,79.66,4.778,sell,293565007
1750548627740,79.66,10.445,sell,293565008
1750548627740,79.66,8.886,sell,293565009
1750548627741,79.66,8.886,sell,293565010
1750548627742,79.66,2.941,sell,293565011
1750548627753,79.65,8.424,sell,293565012
1750548627798,79.65,26.279,sell,293565013
1750548627798,79.65,9.528,sell,293565014
1750548627806,79.66,3.992,buy,293565015
1750548627811,79.65,8.061,sell,293565016
1750548627823,79.65,0.215,buy,293565017
1750548627835,79.65,0.115,buy,293565018
1750548627902,79.65,12.543,buy,293565019
1750548628054,79.64,0.325,sell,293565020
1750548628054,79.63,0.856,sell,293565021
1750548628179,79.62,0.07,sell,293565022
1750548628924,79.63,2.263,buy,293565023
1750548629098,79.64,0.42,buy,293565024
1750548629557,79.64,4,buy,293565025
1750548629558,79.64,7.119,buy,293565026
1750548629558,79.65,6.756,buy,293565027
1750548629814,79.65,1.693,sell,293565028
1750548629819,79.65,0.469,sell,293565029
1750548629821,79.65,1.167,sell,293565030
1750548630079,79.66,0.126,buy,293565031
1750548630701,79.67,1.788,buy,293565032
1750548631235,79.65,3.968,sell,293565033
1750548631235,79.64,2.742,sell,293565034
1750548632375,79.65,0.187,buy,293565035
1750548632481,79.64,0.126,sell,293565036
1750548632655,79.64,0.111,buy,293565037
1750548633634,79.64,0.8,sell,293565038
1750548634900,79.63,0.066,sell,293565039
1750548636004,79.62,0.262,sell,293565040
1750548636004,79.61,0.919,sell,293565041
1750548636085,79.61,0.097,sell,293565042
1750548637592,79.61,0.206,sell,293565043
1750548638671,79.6,0.325,sell,293565044
1750548638868,79.59,3.147,sell,293565045
1750548638870,79.58,0.196,sell,293565046
1750548639201,79.59,2.565,buy,293565047
1750548639678,79.58,0.36,sell,293565048
1750548640400,79.58,0.066,sell,293565049
1750548641049,79.58,1.001,buy,293565050
1750548641781,79.58,1.955,buy,293565051
1750548641993,79.57,0.126,sell,293565052
1750548642186,79.56,0.199,sell,293565053
1750548642786,79.56,0.696,buy,293565054
1750548643172,79.55,5.975,sell,293565055
1750548643182,79.54,0.597,sell,293565056
1750548643223,79.54,0.076,buy,293565057
1750548644016,79.54,0.094,sell,293565058
1750548644157,79.55,1.476,buy,293565059
1750548645180,79.55,2.708,buy,293565060
1750548646954,79.54,0.223,buy,293565061
1750548647784,79.54,1.098,buy,293565062
1750548648411,79.53,0.193,sell,293565063
1750548648411,79.52,0.086,sell,293565064
1750548648803,79.54,0.126,buy,293565065
1750548652146,79.54,1.018,buy,293565066
1750548652984,79.53,0.193,sell,293565067
1750548653928,79.52,0.264,sell,293565068
1750548655505,79.51,1.449,sell,293565069
1750548655662,79.5,10.433,sell,293565070
1750548656013,79.49,0.887,sell,293565071
1750548656052,79.48,0.195,sell,293565072
1750548656153,79.47,0.321,sell,293565073
1750548656245,79.48,0.6,buy,293565074
1750548656703,79.48,0.651,buy,293565075
1750548657779,79.48,0.943,buy,293565076
1750548658040,79.47,0.299,sell,293565077
1750548658045,79.46,1.475,sell,293565078
1750548658094,79.45,0.22,sell,293565079
1750548658307,79.44,0.278,sell,293565080
1750548658835,79.46,0.193,buy,293565081
1750548658902,79.47,0.126,buy,293565082
1750548659181,79.47,8.062,sell,293565083
1750548659184,79.46,6.711,sell,293565084
1750548659189,79.45,32.992,sell,293565085
1750548659210,79.44,5.358,sell,293565086
1750548659229,79.44,0.589,sell,293565087
1750548659285,79.44,0.065,buy,293565088
1750548659415,79.43,0.306,sell,293565089
1750548659437,79.43,0.306,sell,293565090
1750548659641,79.44,0.587,buy,293565091
1750548660699,79.45,0.193,buy,293565092
1750548660716,79.46,0.221,buy,293565093
1750548661064,79.45,0.193,sell,293565094
1750548663234,79.46,0.126,buy,293565095
1750548663358,79.47,0.126,buy,293565096
1750548663753,79.48,0.126,buy,293565097
1750548663816,79.5,1.207,buy,293565098
1750548663880,79.49,3.146,sell,293565099
1750548663885,79.49,1.17,sell,293565100
1750548663897,79.49,2.915,sell,293565101
1750548664110,79.5,0.101,buy,293565102
1750548664229,79.51,1.181,buy,293565103
1750548664654,79.51,0.193,buy,293565104
1750548666164,79.52,0.126,buy,293565105
1750548666302,79.52,0.271,sell,293565106
1750548667904,79.52,0.068,sell,293565107
1750548669078,79.52,0.28,buy,293565108
1750548669266,79.53,1.181,buy,293565109
1750548670912,79.52,4.029,sell,293565110
1750548672936,79.52,1.081,sell,293565111
1750548672938,79.51,0.221,sell,293565112
1750548673055,79.51,1.181,buy,293565113
1750548673064,79.51,1.181,buy,293565114
1750548673072,79.51,1.181,buy,293565115
1750548673123,79.51,0.924,buy,293565116
1750548673554,79.52,0.126,buy,293565117
1750548674008,79.52,0.499,sell,293565118
1750548674842,79.52,0.1,sell,293565119
1750548674986,79.53,0.194,buy,293565120
1750548675079,79.54,1.181,buy,293565121
1750548676610,79.53,6.422,buy,293565122
1750548677675,79.52,1.811,sell,293565123
1750548682652,79.52,5,sell,293565124
1750548684345,79.52,0.262,sell,293565125
1750548684371,79.52,1.646,sell,293565126
1750548685053,79.53,8.871,buy,293565127
1750548686560,79.54,3.269,buy,293565128
1750548688967,79.55,0.126,buy,293565129
1750548699587,79.55,11.144,sell,293565130
1750548703664,79.56,2.877,buy,293565131
1750548703705,79.57,0.126,buy,293565132
1750548708522,79.57,1.183,sell,293565133
1750548708522,79.56,18.567,sell,293565134
1750548708792,79.56,0.375,sell,293565135
1750548710174,79.55,1.145,sell,293565136
1750548710175,79.55,0.317,sell,293565137
1750548710178,79.55,0.79,sell,293565138
1750548710251,79.56,0.642,buy,293565139
1750548710396,79.55,0.355,sell,293565140
1750548711600,79.55,0.066,sell,293565141
1750548711958,79.55,1.09,buy,293565142
1750548712641,79.54,23.75,sell,293565143
1750548713797,79.54,9.366,sell,293565144
1750548713817,79.54,0.952,buy,293565145
1750548718155,79.54,0.631,sell,293565146
1750548719194,79.54,17.641,sell,293565147
1750548719194,79.53,34.892,sell,293565148
1750548719194,79.52,90.634,sell,293565149
1750548719194,79.51,14.968,sell,293565150
1750548719194,79.51,6.295,sell,293565151
