timestamp,price,quantity,side,tradeId
1750590006150,80.99,0.42,buy,293606584
1750590006575,80.99,0.452,buy,293606585
1750590006830,80.98,0.59,sell,293606586
1750590008522,80.99,0.13,buy,293606587
1750590009653,80.99,0.288,sell,293606588
1750590009874,80.98,0.248,sell,293606589
1750590010243,80.98,0.988,sell,293606590
1750590010759,80.99,1.341,buy,293606591
1750590012992,80.98,0.247,sell,293606592
1750590013459,80.99,0.412,buy,293606593
1750590013780,80.99,1.192,buy,293606594
1750590013827,81,1.171,buy,293606595
1750590014424,80.99,0.724,sell,293606596
1750590015483,80.98,0.384,sell,293606597
1750590015856,80.97,0.517,sell,293606598
1750590015872,80.96,1.181,sell,293606599
1750590016966,80.97,0.375,buy,293606600
1750590019795,80.97,0.29,buy,293606601
1750590019796,80.97,0.063,buy,293606602
1750590019932,80.98,0.449,buy,293606603
1750590019932,80.99,0.337,buy,293606604
1750590020042,80.99,0.291,buy,293606605
1750590021014,80.98,0.244,sell,293606606
1750590021598,80.99,0.124,buy,293606607
1750590023308,80.99,0.579,buy,293606608
1750590024316,81,0.331,buy,293606609
1750590025456,81,1.154,buy,293606610
1750590025509,81,0.13,buy,293606611
1750590026271,81,0.195,sell,293606612
1750590027296,80.99,0.891,sell,293606613
1750590027611,80.99,1.161,sell,293606614
1750590028783,81,1.25,buy,293606615
1750590033555,80.99,0.076,sell,293606616
1750590033555,81,0.303,buy,293606617
1750590036308,80.99,0.625,sell,293606618
1750590037741,81,0.325,buy,293606619
1750590039801,81.01,0.17,buy,293606620
1750590039803,81.01,0.223,buy,293606621
1750590040207,81.01,0.195,sell,293606622
1750590040312,81,0.26,sell,293606623
1750590040502,81,3.144,buy,293606624
1750590041871,81,0.341,buy,293606625
1750590042739,81,0.814,buy,293606626
1750590043397,81,4,buy,293606627
1750590044426,81,0.195,buy,293606628
1750590046854,81.01,0.325,buy,293606629
1750590047355,81.02,0.153,buy,293606630
1750590048404,81.01,4.653,sell,293606631
1750590053131,81.02,0.266,buy,293606632
1750590053280,81.02,0.202,buy,293606633
1750590054113,81.01,0.195,sell,293606634
1750590054547,81.01,0.633,buy,293606635
1750590055866,81,5.1,sell,293606636
1750590055959,81.01,0.76,buy,293606637
1750590057048,81.01,0.26,buy,293606638
1750590057048,81.02,0.209,buy,293606639
1750590063446,81.02,6.738,buy,293606640
1750590066311,81.03,0.099,buy,293606641
1750590067239,81.02,2.587,sell,293606642
1750590069164,81.02,0.288,sell,293606643
1750590069538,81.01,0.325,sell,293606644
1750590070064,81,0.295,sell,293606645
1750590079587,81.01,0.617,buy,293606646
1750590080944,81,0.26,sell,293606647
1750590082284,80.99,0.074,sell,293606648
1750590083988,80.99,0.316,sell,293606649
1750590086172,80.98,0.693,sell,293606650
1750590086172,80.97,0.307,sell,293606651
1750590086592,80.98,0.197,buy,293606652
1750590086708,80.97,0.151,sell,293606653
1750590088726,80.96,18.806,sell,293606654
1750590088726,80.95,75.387,sell,293606655
1750590088729,80.95,0.068,sell,293606656
1750590088801,80.96,1.886,buy,293606657
1750590088860,80.96,0.13,buy,293606658
1750590089295,80.97,0.431,buy,293606659
1750590092884,80.96,0.358,sell,293606660
1750590093893,80.97,0.338,buy,293606661
1750590094535,80.97,0.123,buy,293606662
1750590094644,80.97,3.877,buy,293606663
1750590094733,80.98,0.325,buy,293606664
1750590095106,80.99,0.497,buy,293606665
1750590095638,80.98,0.325,sell,293606666
1750590095912,80.97,0.325,sell,293606667
1750590095912,80.96,4.997,sell,293606668
1750590096016,80.95,1.156,sell,293606669
1750590096500,80.95,0.9,sell,293606670
1750590098292,80.95,0.195,sell,293606671
1750590100670,80.94,1.627,sell,293606672
1750590100938,80.94,0.173,buy,293606673
1750590101021,80.94,0.274,buy,293606674
1750590103954,80.94,0.422,buy,293606675
1750590105578,80.95,1.078,buy,293606676
1750590106000,80.95,0.13,buy,293606677
1750590108700,80.95,0.304,sell,293606678
1750590109036,80.94,0.531,sell,293606679
1750590109045,80.95,0.446,buy,293606680
1750590109302,80.94,0.13,sell,293606681
1750590109594,80.93,0.087,sell,293606682
1750590111286,80.94,0.195,buy,293606683
1750590112253,80.94,0.195,sell,293606684
1750590112895,80.94,0.236,buy,293606685
1750590115369,80.94,0.507,buy,293606686
1750590117793,80.94,1.126,buy,293606687
1750590118295,80.94,0.193,buy,293606688
1750590124608,80.94,0.475,buy,293606689
1750590124673,80.95,0.36,buy,293606690
1750590124673,80.95,0.058,buy,293606691
1750590125700,80.95,0.607,sell,293606692
1750590126746,80.96,0.393,buy,293606693
1750590126779,80.97,0.418,buy,293606694
1750590126815,80.98,0.763,buy,293606695
1750590129819,80.98,0.393,buy,293606696
1750590132747,80.98,0.195,sell,293606697
1750590134356,80.97,2.023,sell,293606698
1750590136383,80.98,0.777,buy,293606699
1750590138001,80.97,10.719,sell,293606700
1750590138704,80.97,9.548,buy,293606701
1750590139939,80.97,6.323,buy,293606702
1750590145500,80.97,0.128,buy,293606703
1750590145799,80.97,0.197,buy,293606704
1750590145817,80.98,0.418,buy,293606705
1750590145938,80.99,0.393,buy,293606706
1750590145938,81,0.37,buy,293606707
1750590146455,80.99,1.914,sell,293606708
1750590151002,81,0.845,buy,293606709
1750590151010,81,0.094,buy,293606710
1750590152138,80.99,0.077,sell,293606711
1750590153411,81,0.195,buy,293606712
1750590155691,81,1.392,sell,293606713
1750590155814,80.99,1.181,sell,293606714
1750590155975,80.99,2.47,sell,293606715
1750590158081,81,0.325,buy,293606716
1750590159122,81.01,2.084,buy,293606717
1750590159178,81,0.64,sell,293606718
1750590160754,81,0.086,sell,293606719
1750590162075,81.01,1.34,buy,293606720
1750590163092,81.01,0.309,buy,293606721
1750590168914,81,0.424,sell,293606722
1750590169322,81.01,1.154,buy,293606723
1750590170465,81.01,0.13,buy,293606724
1750590170681,81.02,2.053,buy,293606725
1750590170882,81.03,0.393,buy,293606726
1750590170882,81.04,0.788,buy,293606727
1750590171498,81.04,1.409,buy,293606728
1750590171500,81.04,0.065,buy,293606729
1750590172770,81.05,0.393,buy,293606730
1750590172770,81.06,0.512,buy,293606731
1750590177650,81.07,0.33,buy,293606732
1750590177650,81.07,0.063,buy,293606733
1750590177653,81.08,7.796,buy,293606734
1750590177654,81.08,8.87,buy,293606735
1750590177657,81.08,0.065,buy,293606736
1750590179557,81.09,1.538,buy,293606737
1750590179597,81.09,0.617,buy,293606738
1750590180049,81.09,0.13,buy,293606739
1750590180349,81.09,0.195,sell,293606740
1750590180387,81.08,5.629,sell,293606741
1750590180598,81.07,0.857,sell,293606742
1750590180598,81.06,0.048,sell,293606743
1750590181452,81.06,0.212,sell,293606744
1750590181453,81.06,0.065,sell,293606745
1750590181692,81.06,0.092,buy,293606746
1750590182276,81.05,0.325,sell,293606747
1750590182468,81.04,0.26,sell,293606748
1750590182541,81.03,0.26,sell,293606749
1750590183781,81.03,10.899,buy,293606750
1750590183781,81.04,66.423,buy,293606751
1750590183781,81.05,109.829,buy,293606752
1750590183781,81.06,2.885,buy,293606753
1750590184642,81.05,0.195,sell,293606754
1750590186688,81.04,0.247,sell,293606755
1750590187598,81.05,21.117,buy,293606756
1750590189037,81.06,11.575,buy,293606757
1750590189120,81.07,1.181,buy,293606758
1750590189123,81.07,0.13,buy,293606759
1750590189150,81.08,0.603,buy,293606760
1750590189788,81.08,1.537,buy,293606761
1750590197792,81.07,0.354,buy,293606762
1750590198903,81.06,0.195,sell,293606763
1750590199017,81.05,0.065,sell,293606764
1750590199128,81.04,0.13,sell,293606765
1750590199816,81.04,0.195,buy,293606766
1750590199977,81.04,0.445,sell,293606767
1750590202284,81.03,0.809,sell,293606768
1750590208199,81.04,0.325,buy,293606769
1750590208199,81.05,0.008,buy,293606770
1750590209350,81.05,0.317,buy,293606771
1750590209494,81.06,0.33,buy,293606772
1750590209496,81.06,0.063,buy,293606773
1750590210983,81.06,0.38,buy,293606774
1750590213494,81.05,0.282,buy,293606775
1750590218340,81.04,0.119,sell,293606776
1750590219254,81.03,0.263,sell,293606777
1750590219271,81.02,0.068,sell,293606778
1750590220397,81.02,0.195,buy,293606779
1750590220496,81.02,1.547,sell,293606780
1750590221827,81.03,0.325,buy,293606781
1750590221827,81.04,0.595,buy,293606782
1750590223015,81.04,0.325,buy,293606783
1750590228407,81.04,0.861,buy,293606784
1750590228512,81.04,0.212,buy,293606785
1750590230924,81.04,0.385,buy,293606786
1750590230924,81.05,0.325,buy,293606787
1750590230924,81.06,0.471,buy,293606788
1750590232353,81.06,0.393,buy,293606789
1750590237103,81.06,0.747,sell,293606790
1750590238109,81.06,0.576,sell,293606791
1750590238983,81.06,3.093,sell,293606792
1750590239137,81.06,0.195,sell,293606793
1750590239304,81.05,0.195,sell,293606794
1750590239347,81.04,0.195,sell,293606795
1750590240410,81.04,0.195,buy,293606796
1750590242564,81.05,0.284,buy,293606797
1750590244291,81.05,3.13,buy,293606798
1750590244291,81.06,0.011,buy,293606799
1750590244679,81.06,0.116,buy,293606800
1750590248403,81.06,0.325,buy,293606801
1750590248413,81.07,0.486,buy,293606802
1750590248516,81.08,0.695,buy,293606803
1750590250338,81.07,0.667,sell,293606804
1750590251173,81.07,11.445,sell,293606805
1750590251264,81.06,1.181,sell,293606806
1750590251477,81.07,0.231,buy,293606807
1750590256669,81.06,0.612,sell,293606808
1750590256755,81.07,0.325,buy,293606809
1750590257845,81.08,1.181,buy,293606810
1750590257884,81.08,0.854,buy,293606811
1750590259119,81.08,10.223,buy,293606812
1750590259119,81.08,7.697,buy,293606813
1750590259809,81.08,0.103,sell,293606814
1750590260792,81.07,0.195,sell,293606815
1750590260792,81.06,0.175,sell,293606816
1750590265819,81.06,0.288,sell,293606817
1750590265905,81.05,0.418,sell,293606818
1750590267082,81.04,0.393,sell,293606819
1750590268055,81.04,0.239,buy,293606820
1750590269022,81.04,4,buy,293606821
1750590270413,81.04,0.195,buy,293606822
1750590277248,81.05,0.325,buy,293606823
1750590277415,81.06,0.325,buy,293606824
1750590277562,81.06,4.895,sell,293606825
1750590279450,81.07,0.325,buy,293606826
1750590279786,81.08,0.393,buy,293606827
1750590280129,81.09,0.263,buy,293606828
1750590280131,81.09,0.065,buy,293606829
1750590280148,81.1,0.514,buy,293606830
1750590280148,81.11,1.321,buy,293606831
1750590282089,81.11,1.306,buy,293606832
1750590284748,81.11,0.185,buy,293606833
1750590286052,81.11,0.46,buy,293606834
1750590290672,81.1,0.329,sell,293606835
1750590290915,81.1,0.698,sell,293606836
1750590292755,81.09,0.1,sell,293606837
1750590293897,81.1,4.436,buy,293606838
1750590295946,81.1,0.13,buy,293606839
1750590297526,81.11,0.344,buy,293606840
1750590298292,81.11,0.875,buy,293606841
1750590301443,81.11,0.602,buy,293606842
1750590302203,81.11,2.674,buy,293606843
1750590302210,81.12,0.641,buy,293606844
1750590302945,81.13,0.4,buy,293606845
1750590306499,81.13,0.201,buy,293606846
1750590309418,81.14,1.848,buy,293606847
1750590309689,81.14,0.13,buy,293606848
1750590312413,81.15,0.393,buy,293606849
1750590313173,81.16,0.393,buy,293606850
1750590313447,81.17,4.608,buy,293606851
1750590314022,81.17,0.13,buy,293606852
1750590315027,81.18,0.33,buy,293606853
1750590315029,81.18,0.063,buy,293606854
1750590316307,81.18,0.131,sell,293606855
1750590316659,81.19,0.393,buy,293606856
1750590316659,81.2,0.107,buy,293606857
1750590316897,81.2,0.41,buy,293606858
1750590316904,81.2,0.127,buy,293606859
1750590316906,81.21,17.322,buy,293606860
1750590318737,81.22,0.664,buy,293606861
1750590319903,81.23,0.26,buy,293606862
1750590319918,81.23,0.13,buy,293606863
1750590319918,81.24,1.051,buy,293606864
1750590320559,81.24,0.086,buy,293606865
1750590321302,81.24,1.54,buy,293606866
1750590321315,81.23,18.136,sell,293606867
1750590321404,81.22,0.36,sell,293606868
1750590321408,81.22,0.13,sell,293606869
1750590321642,81.22,0.119,buy,293606870
1750590321952,81.22,0.195,buy,293606871
1750590322387,81.23,0.26,buy,293606872
1750590323158,81.23,1.527,sell,293606873
1750590323650,81.24,0.325,buy,293606874
1750590323650,81.25,0.62,buy,293606875
1750590327499,81.25,0.685,buy,293606876
1750590327959,81.25,0.317,buy,293606877
1750590328442,81.25,0.195,sell,293606878
1750590329563,81.25,0.195,buy,293606879
1750590331458,81.26,0.393,buy,293606880
1750590332263,81.26,4.915,sell,293606881
1750590332274,81.25,8.164,sell,293606882
1750590332323,81.25,0.13,sell,293606883
1750590333428,81.24,0.198,sell,293606884
1750590333460,81.24,0.192,sell,293606885
1750590336358,81.24,0.325,buy,293606886
1750590338120,81.25,0.325,buy,293606887
1750590338120,81.26,0.131,buy,293606888
1750590339196,81.26,0.525,buy,293606889
1750590339994,81.25,0.297,sell,293606890
1750590340673,81.25,0.165,sell,293606891
1750590341032,81.26,0.26,buy,293606892
1750590341032,81.26,0.065,buy,293606893
1750590341032,81.27,1.92,buy,293606894
1750590341114,81.28,1.181,buy,293606895
1750590344701,81.27,12.493,sell,293606896
1750590344703,81.27,0.065,sell,293606897
1750590344706,81.27,0.413,buy,293606898
1750590345976,81.27,1.302,buy,293606899
1750590346080,81.27,0.488,buy,293606900
1750590347150,81.26,0.325,sell,293606901
1750590347269,81.25,0.531,sell,293606902
1750590347810,81.24,0.532,sell,293606903
1750590347936,81.23,0.325,sell,293606904
1750590347980,81.22,0.421,sell,293606905
1750590348088,81.21,0.071,sell,293606906
1750590348088,81.21,0.071,sell,293606907
1750590348091,81.21,0.106,sell,293606908
1750590348092,81.21,0.012,sell,293606909
1750590348291,81.21,0.279,buy,293606910
1750590348904,81.2,4.53,sell,293606911
1750590350899,81.2,0.195,sell,293606912
1750590350901,81.19,0.195,sell,293606913
1750590351512,81.19,2.599,buy,293606914
1750590352560,81.19,0.13,buy,293606915
1750590353274,81.2,10.897,buy,293606916
1750590353274,81.2,0.065,buy,293606917
1750590355698,81.21,0.325,buy,293606918
1750590357591,81.22,0.325,buy,293606919
1750590357591,81.23,0.073,buy,293606920
1750590359066,81.23,0.727,buy,293606921
1750590359203,81.22,0.195,sell,293606922
1750590361285,81.22,0.195,buy,293606923
1750590363554,81.23,0.325,buy,293606924
1750590363982,81.24,6.391,buy,293606925
1750590363982,81.25,107.144,buy,293606926
1750590363982,81.26,161.985,buy,293606927
1750590363982,81.27,39.953,buy,293606928
1750590363984,81.27,0.068,buy,293606929
1750590364087,81.26,0.195,sell,293606930
1750590364665,81.25,0.26,sell,293606931
1750590365983,81.24,0.26,sell,293606932
1750590366301,81.23,0.325,sell,293606933
1750590368627,81.23,3.082,buy,293606934
1750590368780,81.23,0.458,sell,293606935
1750590370878,81.24,0.531,buy,293606936
1750590371272,81.24,0.13,buy,293606937
1750590372603,81.25,0.325,buy,293606938
1750590373662,81.25,0.195,sell,293606939
1750590373726,81.24,0.418,sell,293606940
1750590373854,81.23,0.325,sell,293606941
1750590374038,81.23,0.208,buy,293606942
1750590374271,81.23,0.16,buy,293606943
1750590376242,81.23,0.16,buy,293606944
1750590378568,81.22,0.417,sell,293606945
1750590380942,81.21,0.325,sell,293606946
1750590382100,81.21,0.246,buy,293606947
1750590382648,81.21,0.195,buy,293606948
1750590385645,81.22,0.307,buy,293606949
1750590386184,81.22,1.147,buy,293606950
1750590386333,81.22,0.989,buy,293606951
1750590388353,81.22,0.229,buy,293606952
1750590388565,81.21,0.434,sell,293606953
1750590388666,81.21,0.13,sell,293606954
1750590389555,81.2,0.127,sell,293606955
1750590392878,81.21,0.621,buy,293606956
1750590393315,81.21,0.279,buy,293606957
1750590394180,81.2,0.201,sell,293606958
1750590394181,81.2,0.065,sell,293606959
1750590394189,81.19,0.328,sell,293606960
1750590394192,81.19,0.065,sell,293606961
1750590394227,81.18,2.362,sell,293606962
1750590394812,81.19,0.408,buy,293606963
1750590394848,81.19,0.137,buy,293606964
1750590395267,81.19,0.412,buy,293606965
1750590395480,81.2,0.325,buy,293606966
1750590395486,81.21,7.891,buy,293606967
1750590395871,81.22,3.704,buy,293606968
1750590396120,81.22,0.13,buy,293606969
1750590397207,81.23,0.393,buy,293606970
1750590400155,81.23,0.129,sell,293606971
1750590401521,81.24,0.204,buy,293606972
1750590404100,81.24,1,buy,293606973
1750590406122,81.23,8.607,sell,293606974
1750590407637,81.23,0.496,sell,293606975
1750590407644,81.22,0.099,sell,293606976
1750590407644,81.22,0.099,sell,293606977
1750590407644,81.22,0.099,sell,293606978
1750590407644,81.22,0.028,sell,293606979
1750590407644,81.21,0.071,sell,293606980
1750590407645,81.21,0.148,sell,293606981
1750590407645,81.21,0.099,sell,293606982
1750590407649,81.21,0.099,sell,293606983
1750590407839,81.21,0.328,sell,293606984
1750590407842,81.21,0.065,sell,293606985
1750590407856,81.2,0.325,sell,293606986
1750590407917,81.19,0.856,sell,293606987
1750590407918,81.19,0.065,sell,293606988
1750590407918,81.19,0.065,sell,293606989
1750590407919,81.19,0.065,sell,293606990
1750590407919,81.19,0.065,sell,293606991
1750590407919,81.19,0.098,sell,293606992
1750590407919,81.19,0.065,sell,293606993
1750590407920,81.19,0.065,sell,293606994
1750590411044,81.2,0.787,buy,293606995
1750590411563,81.19,0.266,sell,293606996
1750590413384,81.2,0.611,buy,293606997
1750590416420,81.21,0.115,buy,293606998
1750590417608,81.21,1.053,buy,293606999
1750590419269,81.21,0.13,buy,293607000
1750590421365,81.22,0.29,buy,293607001
1750590424052,81.21,0.222,sell,293607002
1750590424056,81.21,0.065,sell,293607003
1750590424087,81.2,0.066,sell,293607004
1750590424135,81.2,0.352,sell,293607005
1750590424135,81.19,0.829,sell,293607006
1750590424661,81.19,0.171,sell,293607007
1750590426093,81.2,0.195,buy,293607008
1750590431232,81.2,4.079,sell,293607009
1750590432370,81.19,0.325,sell,293607010
1750590432375,81.18,0.07,sell,293607011
1750590432376,81.18,0.07,sell,293607012
1750590432377,81.18,0.07,sell,293607013
1750590432377,81.18,0.07,sell,293607014
1750590432377,81.18,0.07,sell,293607015
1750590432377,81.18,0.105,sell,293607016
1750590432378,81.18,0.031,sell,293607017
1750590432379,81.17,0.07,sell,293607018
1750590435602,81.17,0.302,sell,293607019
1750590437034,81.18,1.534,buy,293607020
1750590440130,81.18,6.323,buy,293607021
1750590440134,81.19,8.726,buy,293607022
1750590440135,81.19,3.786,buy,293607023
1750590440349,81.19,4.282,sell,293607024
1750590441243,81.2,0.123,buy,293607025
1750590441245,81.2,0.202,buy,293607026
1750590441319,81.21,0.418,buy,293607027
1750590441452,81.22,0.393,buy,293607028
1750590443695,81.22,0.195,sell,293607029
1750590443772,81.21,0.17,sell,293607030
1750590447306,81.22,2.624,buy,293607031
1750590449349,81.21,0.325,sell,293607032
1750590449952,81.21,1.034,buy,293607033
1750590453125,81.2,0.325,sell,293607034
1750590453130,81.19,0.078,sell,293607035
1750590453220,81.19,1.181,sell,293607036
1750590453525,81.19,0.26,sell,293607037
1750590455771,81.18,0.26,sell,293607038
1750590455774,81.18,0.065,sell,293607039
1750590455913,81.17,1.024,sell,293607040
1750590457461,81.18,1.244,buy,293607041
1750590458041,81.18,0.258,buy,293607042
1750590460106,81.18,0.418,buy,293607043
1750590462138,81.18,1.411,buy,293607044
1750590463630,81.18,0.461,buy,293607045
1750590463655,81.18,11.637,sell,293607046
1750590465429,81.18,1.385,sell,293607047
1750590467740,81.18,3.455,sell,293607048
1750590472545,81.19,0.095,buy,293607049
1750590476387,81.18,0.318,sell,293607050
1750590476389,81.18,0.065,sell,293607051
1750590478242,81.17,0.322,sell,293607052
1750590478605,81.17,0.13,sell,293607053
1750590479728,81.16,0.328,sell,293607054
1750590479728,81.16,0.065,sell,293607055
1750590479730,81.15,9.747,sell,293607056
1750590479731,81.15,1.859,sell,293607057
1750590479816,81.14,0.486,sell,293607058
1750590479902,81.14,12.312,buy,293607059
1750590479919,81.14,0.13,buy,293607060
1750590481185,81.15,0.325,buy,293607061
1750590481241,81.16,0.195,buy,293607062
1750590487848,81.17,0.123,buy,293607063
1750590488444,81.17,0.077,buy,293607064
1750590490369,81.16,0.417,sell,293607065
1750590494797,81.16,0.26,buy,293607066
1750590494812,81.17,0.32,buy,293607067
1750590494831,81.18,0.861,buy,293607068
1750590497723,81.18,0.325,buy,293607069
1750590498127,81.19,2.325,buy,293607070
1750590498283,81.2,0.393,buy,293607071
1750590498283,81.21,0.327,buy,293607072
1750590498295,81.21,1.181,buy,293607073
1750590499929,81.21,0.13,buy,293607074
1750590500279,81.22,0.375,buy,293607075
1750590500283,81.21,0.195,sell,293607076
1750590500374,81.2,0.26,sell,293607077
1750590504099,81.19,0.26,sell,293607078
1750590506558,81.18,0.107,sell,293607079
1750590506615,81.19,0.455,buy,293607080
1750590507654,81.19,0.141,buy,293607081
1750590508672,81.19,0.325,buy,293607082
1750590508843,81.19,0.242,sell,293607083
1750590509151,81.2,0.325,buy,293607084
1750590509151,81.21,0.212,buy,293607085
1750590510985,81.2,0.195,sell,293607086
1750590511842,81.2,0.651,buy,293607087
1750590514200,81.2,0.26,buy,293607088
1750590514200,81.21,0.494,buy,293607089
1750590514388,81.2,0.51,sell,293607090
1750590519227,81.21,0.653,buy,293607091
1750590519404,81.21,3.068,buy,293607092
1750590519594,81.2,10.401,sell,293607093
1750590519594,81.19,18.496,sell,293607094
1750590519755,81.19,0.265,sell,293607095
1750590519755,81.2,0.109,buy,293607096
1750590520018,81.19,0.13,sell,293607097
1750590520901,81.19,0.195,buy,293607098
1750590520999,81.2,1.336,buy,293607099
1750590524175,81.19,1.87,sell,293607100
1750590528022,81.19,0.325,buy,293607101
1750590531001,81.2,0.249,buy,293607102
1750590531003,81.2,0.076,buy,293607103
1750590542119,81.21,5.168,buy,293607104
1750590544183,81.21,0.106,buy,293607105
1750590545988,81.2,0.417,sell,293607106
1750590546368,81.2,0.685,buy,293607107
1750590547098,81.2,2.58,buy,293607108
1750590549205,81.19,0.61,sell,293607109
1750590549888,81.2,0.288,buy,293607110
1750590549888,81.21,1.168,buy,293607111
1750590552296,81.21,0.26,buy,293607112
1750590552621,81.22,8.302,buy,293607113
1750590552621,81.22,4.464,buy,293607114
1750590553438,81.23,0.328,buy,293607115
1750590553484,81.23,0.13,buy,293607116
1750590553681,81.23,22.638,sell,293607117
1750590557619,81.23,4.152,sell,293607118
1750590559238,81.24,0.487,buy,293607119
1750590560394,81.24,2.593,buy,293607120
1750590560634,81.24,0.507,buy,293607121
1750590561106,81.24,0.13,buy,293607122
1750590562823,81.24,0.195,sell,293607123
1750590564884,81.23,0.325,sell,293607124
1750590568512,81.22,2.423,sell,293607125
1750590569408,81.22,0.13,sell,293607126
1750590572811,81.22,3.681,buy,293607127
1750590574058,81.22,9.407,buy,293607128
1750590574471,81.22,1.969,buy,293607129
1750590575994,81.21,0.393,sell,293607130
1750590576044,81.2,0.511,sell,293607131
1750590581280,81.19,0.481,sell,293607132
1750590581282,81.19,0.13,sell,293607133
1750590581386,81.18,0.486,sell,293607134
1750590581487,81.17,0.325,sell,293607135
1750590581566,81.17,0.537,buy,293607136
1750590581652,81.16,0.328,sell,293607137
1750590581654,81.16,0.065,sell,293607138
1750590582543,81.15,0.328,sell,293607139
1750590582544,81.15,0.065,sell,293607140
1750590583416,81.15,0.523,buy,293607141
1750590586215,81.14,0.328,sell,293607142
1750590586216,81.14,0.065,sell,293607143
1750590586217,81.13,0.065,sell,293607144
1750590586220,81.13,0.065,sell,293607145
1750590586509,81.13,0.263,sell,293607146
1750590591138,81.12,0.393,sell,293607147
1750590592351,81.11,0.393,sell,293607148
1750590592906,81.1,5.17,sell,293607149
1750590592909,81.1,0.13,sell,293607150
1750590593221,81.1,0.396,buy,293607151
1750590595406,81.1,0.282,buy,293607152
1750590595697,81.1,0.086,buy,293607153
1750590595698,81.1,0.174,buy,293607154
1750590595721,81.11,0.26,buy,293607155
1750590596557,81.11,1.076,buy,293607156
1750590597045,81.1,0.363,sell,293607157
1750590597959,81.11,0.325,buy,293607158
1750590598015,81.12,0.418,buy,293607159
1750590598015,81.13,1.016,buy,293607160
1750590603070,81.12,1.293,sell,293607161
1750590607768,81.13,0.325,buy,293607162
1750590609789,81.14,0.559,buy,293607163
1750590611925,81.15,0.302,buy,293607164
1750590613375,81.15,0.245,buy,293607165
1750590613551,81.16,0.325,buy,293607166
1750590613551,81.17,0.441,buy,293607167
1750590613859,81.16,0.195,sell,293607168
1750590618682,81.16,0.26,buy,293607169
1750590618823,81.17,0.26,buy,293607170
1750590618824,81.17,0.065,buy,293607171
1750590618839,81.18,0.393,buy,293607172
1750590618917,81.19,0.788,buy,293607173
1750590620489,81.18,0.195,sell,293607174
1750590620490,81.18,0.065,sell,293607175
1750590622892,81.18,0.244,buy,293607176
1750590627579,81.18,0.369,buy,293607177
1750590629125,81.18,0.067,buy,293607178
1750590629560,81.18,0.13,buy,293607179
1750590631994,81.19,0.4,buy,293607180
1750590633355,81.2,0.165,buy,293607181
1750590639563,81.2,0.236,buy,293607182
1750590640549,81.2,0.912,buy,293607183
1750590642477,81.21,0.26,buy,293607184
1750590642478,81.21,0.065,buy,293607185
1750590644356,81.22,1.141,buy,293607186
1750590644356,81.23,15.426,buy,293607187
1750590644356,81.24,10.638,buy,293607188
1750590644390,81.23,0.195,sell,293607189
1750590645704,81.22,0.181,sell,293607190
1750590649301,81.23,0.195,buy,293607191
1750590649470,81.24,0.203,buy,293607192
1750590650772,81.24,0.092,buy,293607193
1750590654134,81.23,0.26,sell,293607194
1750590654254,81.22,0.325,sell,293607195
1750590654254,81.21,4.365,sell,293607196
1750590661006,81.21,0.345,sell,293607197
1750590662343,81.22,0.554,buy,293607198
1750590662351,81.22,0.13,buy,293607199
1750590662358,81.23,4.353,buy,293607200
1750590662365,81.24,4.524,buy,293607201
1750590662850,81.24,0.195,sell,293607202
1750590663055,81.24,0.195,buy,293607203
1750590663367,81.25,0.393,buy,293607204
1750590663430,81.26,0.328,buy,293607205
1750590663432,81.26,0.065,buy,293607206
1750590664480,81.27,0.393,buy,293607207
1750590665700,81.28,0.328,buy,293607208
1750590665702,81.28,0.065,buy,293607209
1750590669804,81.28,4.107,sell,293607210
1750590670257,81.29,1.181,buy,293607211
1750590671999,81.28,0.514,sell,293607212
1750590673911,81.28,1.19,buy,293607213
1750590678392,81.27,0.325,sell,293607214
1750590679128,81.26,0.325,sell,293607215
1750590679349,81.25,7.33,sell,293607216
1750590680074,81.26,0.615,buy,293607217
1750590681674,81.25,0.325,sell,293607218
1750590681678,81.24,0.31,sell,293607219
1750590683108,81.25,5.273,buy,293607220
1750590683111,81.25,0.065,buy,293607221
1750590683112,81.26,11.833,buy,293607222
1750590683140,81.27,3.724,buy,293607223
1750590683140,81.28,2.429,buy,293607224
1750590683234,81.28,1.201,buy,293607225
1750590683466,81.28,4.553,buy,293607226
1750590689219,81.28,6.328,buy,293607227
1750590689219,81.29,36.5,buy,293607228
1750590689219,81.3,18.242,buy,293607229
1750590689222,81.3,0.068,buy,293607230
1750590690250,81.28,0.149,sell,293607231
1750590690359,81.28,0.149,sell,293607232
1750590690459,81.28,0.149,sell,293607233
1750590690652,81.28,0.149,sell,293607234
1750590691462,81.28,13.54,buy,293607235
1750590693342,81.28,1.642,sell,293607236
1750590696426,81.28,0.184,buy,293607237
1750590697775,81.27,1.151,sell,293607238
1750590698312,81.27,3.822,sell,293607239
1750590704892,81.28,2.055,buy,293607240
1750590705648,81.28,0.13,buy,293607241
1750590707859,81.29,0.178,buy,293607242
1750590709771,81.28,6.371,sell,293607243
1750590716511,81.28,0.111,buy,293607244
1750590719715,81.27,4.313,sell,293607245
1750590720550,81.26,0.161,sell,293607246
1750590723293,81.27,0.34,buy,293607247
1750590723293,81.28,0.075,buy,293607248
1750590729489,81.27,0.301,sell,293607249
1750590731071,81.28,0.288,buy,293607250
1750590731159,81.29,0.486,buy,293607251
1750590736192,81.3,0.357,buy,293607252
1750590737935,81.29,3.008,sell,293607253
1750590737941,81.28,1.821,buy,293607254
1750590738018,81.27,1.181,sell,293607255
1750590740099,81.27,0.379,buy,293607256
1750590745644,81.26,0.253,sell,293607257
1750590746895,81.27,0.945,buy,293607258
1750590748406,81.27,0.084,buy,293607259
1750590748755,81.27,0.24,buy,293607260
1750590749143,81.26,0.249,sell,293607261
1750590752741,81.26,0.261,sell,293607262
1750590755236,81.26,0.158,sell,293607263
1750590756155,81.26,0.25,sell,293607264
1750590758649,81.26,1.374,sell,293607265
1750590759030,81.27,1.197,buy,293607266
1750590759473,81.26,1.494,sell,293607267
1750590760911,81.26,0.844,buy,293607268
1750590761701,81.25,1.01,sell,293607269
1750590761788,81.24,0.268,sell,293607270
1750590761790,81.24,0.174,sell,293607271
1750590761955,81.23,0.068,sell,293607272
1750590761955,81.22,0.055,sell,293607273
1750590762372,81.23,0.321,buy,293607274
1750590762396,81.24,0.195,buy,293607275
1750590762431,81.24,0.566,sell,293607276
1750590763426,81.25,0.325,buy,293607277
1750590763531,81.25,0.342,sell,293607278
1750590763832,81.25,0.762,sell,293607279
1750590764092,81.25,0.358,sell,293607280
1750590764420,81.25,0.352,sell,293607281
1750590764744,81.25,0.35,sell,293607282
1750590765341,81.25,0.346,sell,293607283
1750590766741,81.26,0.325,buy,293607284
1750590766833,81.26,0.307,sell,293607285
1750590771360,81.27,0.26,buy,293607286
1750590771361,81.27,0.065,buy,293607287
1750590772019,81.27,0.799,sell,293607288
1750590772363,81.28,2.391,buy,293607289
1750590773656,81.29,0.393,buy,293607290
1750590776666,81.3,0.763,buy,293607291
1750590778235,81.3,2.52,buy,293607292
1750590778235,81.31,0.576,buy,293607293
1750590778440,81.3,0.274,sell,293607294
1750590778841,81.3,0.269,sell,293607295
1750590779401,81.31,0.766,buy,293607296
1750590779425,81.3,0.265,sell,293607297
1750590780114,81.3,0.404,sell,293607298
1750590781344,81.3,0.268,sell,293607299
1750590782906,81.31,0.988,buy,293607300
1750590785245,81.31,0.195,buy,293607301
1750590785333,81.31,0.651,sell,293607302
1750590785348,81.32,0.986,buy,293607303
1750590785642,81.31,0.392,sell,293607304
1750590786139,81.31,0.528,sell,293607305
1750590786441,81.31,0.522,sell,293607306
1750590786668,81.32,0.816,buy,293607307
1750590786966,81.31,0.514,sell,293607308
1750590787242,81.31,0.506,sell,293607309
1750590787745,81.31,0.319,sell,293607310
1750590788046,81.31,0.314,sell,293607311
1750590788434,81.31,13.65,sell,293607312
1750590788457,81.3,1.736,sell,293607313
1750590788502,81.3,4.526,sell,293607314
1750590788609,81.29,0.294,sell,293607315
1750590790600,81.3,0.243,buy,293607316
1750590792457,81.29,0.294,sell,293607317
1750590795548,81.3,6.462,buy,293607318
1750590795548,81.31,5.837,buy,293607319
1750590797237,81.31,0.327,buy,293607320
1750590799012,81.3,0.264,sell,293607321
1750590804298,81.3,1.614,sell,293607322
1750590804342,81.29,0.441,sell,293607323
1750590805035,81.29,0.242,sell,293607324
1750590807079,81.3,0.187,buy,293607325
1750590807224,81.29,0.509,sell,293607326
1750590807230,81.29,0.71,buy,293607327
1750590809655,81.28,0.167,sell,293607328
1750590811746,81.28,0.291,sell,293607329
1750590815146,81.28,7.563,buy,293607330
1750590815240,81.27,0.276,sell,293607331
1750590815603,81.27,0.117,sell,293607332
1750590815666,81.26,0.675,sell,293607333
1750590817004,81.26,0.617,sell,293607334
1750590817205,81.27,0.139,buy,293607335
1750590818499,81.27,0.325,buy,293607336
1750590820500,81.27,0.426,sell,293607337
1750590821031,81.28,0.362,buy,293607338
1750590821141,81.28,0.526,sell,293607339
1750590821412,81.28,0.518,sell,293607340
1750590821840,81.29,0.325,buy,293607341
1750590821963,81.29,0.536,sell,293607342
1750590822239,81.29,0.41,sell,293607343
1750590822632,81.29,0.403,sell,293607344
1750590822891,81.29,0.397,sell,293607345
1750590823114,81.29,0.195,sell,293607346
1750590823406,81.28,0.122,sell,293607347
1750590824425,81.29,0.429,buy,293607348
1750590824522,81.29,0.061,buy,293607349
1750590826634,81.28,0.246,sell,293607350
1750590831560,81.29,9.202,buy,293607351
1750590834839,81.29,0.439,buy,293607352
1750590839876,81.3,0.393,buy,293607353
1750590839938,81.3,0.815,sell,293607354
1750590840627,81.3,0.333,sell,293607355
1750590840903,81.3,0.328,sell,293607356
1750590841254,81.3,0.323,sell,293607357
1750590841542,81.3,0.323,sell,293607358
1750590842120,81.31,1.624,buy,293607359
1750590842265,81.31,0.786,sell,293607360
1750590843586,81.31,0.26,sell,293607361
1750590845584,81.3,6.703,sell,293607362
1750590845584,81.29,4.316,sell,293607363
1750590847176,81.3,0.195,buy,293607364
1750590847255,81.3,0.51,sell,293607365
1750590848957,81.3,0.661,sell,293607366
1750590849251,81.3,0.493,sell,293607367
1750590850499,81.31,0.254,buy,293607368
1750590853182,81.31,1.857,buy,293607369
1750590854066,81.3,6.325,sell,293607370
1750590854066,81.29,9.355,sell,293607371
1750590854102,81.3,0.195,buy,293607372
1750590856814,81.3,0.3,sell,293607373
1750590857361,81.31,0.386,buy,293607374
1750590858580,81.3,0.194,sell,293607375
1750590859897,81.31,0.232,buy,293607376
1750590864150,81.3,0.623,sell,293607377
1750590865733,81.3,0.269,sell,293607378
1750590866230,81.3,0.265,sell,293607379
1750590866246,81.3,6.169,sell,293607380
1750590867146,81.3,0.32,sell,293607381
1750590868595,81.3,0.26,sell,293607382
1750590868595,81.29,0.037,sell,293607383
1750590868933,81.29,0.294,sell,293607384
1750590869242,81.29,0.289,sell,293607385
1750590869426,81.3,30.433,buy,293607386
1750590869970,81.3,11.467,sell,293607387
1750590871531,81.3,0.13,sell,293607388
1750590871679,81.29,0.349,sell,293607389
1750590872034,81.29,0.279,sell,293607390
1750590872442,81.29,0.276,sell,293607391
1750590872464,81.3,4.96,buy,293607392
1750590872726,81.29,0.271,sell,293607393
1750590873432,81.29,0.267,sell,293607394
1750590873828,81.3,0.766,buy,293607395
1750590873906,81.29,0.263,sell,293607396
1750590873972,81.3,20.238,buy,293607397
1750590873974,81.3,1.629,buy,293607398
1750590873976,81.3,1.629,buy,293607399
1750590880601,81.29,10.286,sell,293607400
1750590880602,81.29,0.065,sell,293607401
1750590880617,81.28,0.648,sell,293607402
1750590880690,81.27,0.806,sell,293607403
1750590880710,81.27,0.195,sell,293607404
1750590880714,81.26,2.057,sell,293607405
1750590881184,81.27,0.096,buy,293607406
1750590881520,81.26,1.001,sell,293607407
1750590883758,81.26,0.13,sell,293607408
1750590883759,81.26,0.065,sell,293607409
1750590884520,81.25,0.393,sell,293607410
1750590885165,81.24,0.393,sell,293607411
1750590885184,81.23,0.88,sell,293607412
1750590885184,81.23,0.301,sell,293607413
1750590887862,81.23,0.258,sell,293607414
1750590888544,81.23,0.256,sell,293607415
1750590889022,81.23,0.13,sell,293607416
1750590891948,81.23,0.195,buy,293607417
1750590896233,81.23,0.247,sell,293607418
1750590896235,81.23,0.078,sell,293607419
1750590898580,81.22,0.393,sell,293607420
1750590898580,81.21,0.846,sell,293607421
1750590898580,81.2,49.975,sell,293607422
1750590898583,81.2,0.068,sell,293607423
1750590898839,81.21,0.219,buy,293607424
1750590899451,81.21,0.537,buy,293607425
1750590900704,81.2,0.2,sell,293607426
1750590900815,81.21,0.714,buy,293607427
1750590907711,81.2,0.26,sell,293607428
1750590907713,81.2,0.065,sell,293607429
1750590910942,81.2,1.181,buy,293607430
1750590910947,81.2,0.13,buy,293607431
1750590915745,81.21,1.411,buy,293607432
1750590917526,81.21,0.341,buy,293607433
1750590917602,81.22,0.325,buy,293607434
1750590917934,81.23,0.325,buy,293607435
1750590924466,81.23,0.863,sell,293607436
1750590924467,81.23,0.065,sell,293607437
1750590924529,81.22,0.418,sell,293607438
1750590926254,81.22,0.195,buy,293607439
1750590929397,81.22,0.242,sell,293607440
1750590930497,81.23,5.178,buy,293607441
1750590930713,81.24,0.393,buy,293607442
1750590934373,81.25,0.393,buy,293607443
1750590935597,81.26,0.33,buy,293607444
1750590935598,81.26,0.063,buy,293607445
1750590936332,81.26,0.26,sell,293607446
1750590938767,81.26,5.201,buy,293607447
1750590939491,81.26,0.195,buy,293607448
1750590942711,81.26,0.1,sell,293607449
1750590944638,81.26,0.536,sell,293607450
1750590944640,81.26,0.065,sell,293607451
1750590944642,81.26,0.407,buy,293607452
1750590945682,81.25,3.894,sell,293607453
1750590945826,81.24,0.325,sell,293607454
1750590946211,81.23,0.26,sell,293607455
1750590946213,81.23,0.065,sell,293607456
1750590946226,81.22,1.181,sell,293607457
1750590946292,81.22,0.26,sell,293607458
1750590946300,81.22,0.13,sell,293607459
1750590949342,81.22,0.172,buy,293607460
1750590953911,81.22,0.123,buy,293607461
1750590955030,81.22,1.044,buy,293607462
1750590955103,81.22,6.805,sell,293607463
1750590959597,81.23,2.778,buy,293607464
1750590960079,81.23,0.13,buy,293607465
1750590960325,81.23,0.536,sell,293607466
1750590960515,81.23,0.26,sell,293607467
1750590960602,81.22,0.798,sell,293607468
1750590961813,81.22,0.135,buy,293607469
1750590963319,81.22,0.121,buy,293607470
1750590967481,81.22,1.225,buy,293607471
1750590967772,81.21,0.061,sell,293607472
1750590968505,81.22,0.384,buy,293607473
1750590968510,81.21,1,sell,293607474
1750590970530,81.22,0.246,buy,293607475
1750590970676,81.21,0.222,sell,293607476
1750590971741,81.2,2.394,sell,293607477
1750590972799,81.2,0.184,buy,293607478
1750590974082,81.2,1.722,buy,293607479
1750590974381,81.19,0.913,sell,293607480
1750590974734,81.19,0.967,buy,293607481
1750590976565,81.19,0.195,buy,293607482
1750590978888,81.2,3.951,buy,293607483
1750590979678,81.2,0.172,buy,293607484
1750590983036,81.19,0.643,sell,293607485
1750590983092,81.19,0.384,buy,293607486
1750590983384,81.18,0.58,sell,293607487
1750590983384,81.18,0.059,sell,293607488
1750590988255,81.18,0.143,buy,293607489
1750590991742,81.17,0.279,sell,293607490
1750590992816,81.18,0.26,buy,293607491
1750590992818,81.19,4.954,buy,293607492
1750590993756,81.19,0.195,sell,293607493
1750590998848,81.18,1.049,sell,293607494
1750591001405,81.19,1.235,buy,293607495
1750591002166,81.19,0.13,buy,293607496
1750591002296,81.19,34.09,sell,293607497
1750591004456,81.2,0.325,buy,293607498
1750591004613,81.21,0.393,buy,293607499
1750591004618,81.21,2.462,sell,293607500
1750591005034,81.22,0.393,buy,293607501
1750591005040,81.23,0.387,buy,293607502
1750591005117,81.24,1.095,buy,293607503
1750591006510,81.23,1.392,sell,293607504
1750591009493,81.23,0.769,sell,293607505
1750591009743,81.24,0.195,buy,293607506
1750591012976,81.25,13.037,buy,293607507
1750591012976,81.25,4,buy,293607508
1750591012978,81.25,46.867,buy,293607509
1750591012978,81.25,7.485,buy,293607510
1750591012978,81.25,54.904,buy,293607511
1750591012978,81.25,6.946,buy,293607512
1750591012978,81.25,9.992,buy,293607513
1750591012978,81.25,26.633,buy,293607514
1750591012978,81.25,20.317,buy,293607515
1750591012985,81.26,0.263,buy,293607516
1750591012985,81.26,4.592,buy,293607517
1750591012985,81.27,1.562,buy,293607518
1750591013017,81.27,1.181,buy,293607519
1750591017932,81.26,0.195,sell,293607520
1750591017959,81.25,11.241,sell,293607521
1750591017960,81.25,0.065,sell,293607522
1750591017993,81.24,12.875,sell,293607523
1750591018456,81.25,0.061,buy,293607524
1750591019056,81.25,0.195,buy,293607525
1750591019867,81.26,1.145,buy,293607526
1750591020258,81.25,0.26,sell,293607527
1750591020270,81.24,4.353,sell,293607528
1750591022383,81.23,0.074,sell,293607529
1750591024395,81.24,0.125,sell,293607530
1750591024630,81.24,0.327,sell,293607531
1750591025783,81.25,0.279,buy,293607532
1750591026001,81.24,0.385,sell,293607533
1750591026100,81.24,0.13,sell,293607534
1750591035424,81.23,0.654,sell,293607535
1750591040923,81.23,0.287,sell,293607536
1750591042533,81.22,1.086,sell,293607537
1750591047307,81.21,0.258,sell,293607538
1750591049076,81.22,1.144,buy,293607539
1750591051003,81.21,0.117,sell,293607540
1750591052640,81.21,1.21,sell,293607541
1750591053592,81.22,1.556,buy,293607542
1750591055152,81.22,1.996,buy,293607543
1750591055500,81.22,0.079,buy,293607544
1750591056561,81.24,4.46,buy,293607545
1750591056668,81.25,0.068,buy,293607546
1750591057331,81.25,0.525,sell,293607547
1750591057831,81.25,0.195,sell,293607548
1750591058703,81.25,0.24,buy,293607549
1750591062695,81.25,5.354,buy,293607550
1750591062695,81.26,0.133,buy,293607551
1750591062695,81.27,2.716,buy,293607552
1750591063139,81.26,0.182,sell,293607553
1750591063726,81.26,0.49,sell,293607554
1750591064368,81.27,0.971,buy,293607555
1750591064395,81.28,4,buy,293607556
1750591064662,81.28,6.128,buy,293607557
1750591064663,81.28,3.187,buy,293607558
1750591064728,81.28,3.407,buy,293607559
1750591064729,81.28,4.624,buy,293607560
1750591064730,81.29,0.068,buy,293607561
1750591065005,81.3,0.068,buy,293607562
1750591065005,81.31,0.068,buy,293607563
1750591065023,81.32,1.055,buy,293607564
1750591065345,81.31,0.32,sell,293607565
1750591065649,81.31,0.26,sell,293607566
1750591067988,81.3,0.325,sell,293607567
1750591072423,81.3,0.357,buy,293607568
1750591073111,81.3,0.084,buy,293607569
1750591073499,81.3,0.492,buy,293607570
1750591073909,81.29,1.715,sell,293607571
1750591073914,81.29,0.695,buy,293607572
1750591073915,81.28,0.555,sell,293607573
1750591074310,81.27,0.325,sell,293607574
1750591077527,81.28,1.501,buy,293607575
1750591079193,81.29,5.996,buy,293607576
1750591079193,81.3,34.016,buy,293607577
1750591079193,81.31,21.065,buy,293607578
1750591080755,81.3,3.18,buy,293607579
1750591081844,81.29,0.195,sell,293607580
1750591082143,81.29,0.092,buy,293607581
1750591082787,81.29,0.307,buy,293607582
1750591091233,81.28,0.105,sell,293607583
1750591091901,81.28,0.306,sell,293607584
1750591094012,81.29,5.095,buy,293607585
1750591094020,81.3,3.243,buy,293607586
1750591094024,81.31,0.453,buy,293607587
1750591094153,81.32,2.362,buy,293607588
1750591094240,81.32,1.181,buy,293607589
1750591094635,81.32,0.068,buy,293607590
1750591094873,81.33,0.208,buy,293607591
1750591094919,81.34,0.924,buy,293607592
1750591094925,81.35,0.777,buy,293607593
1750591095041,81.36,1.774,buy,293607594
1750591095063,81.35,1.195,sell,293607595
1750591095337,81.36,0.553,buy,293607596
1750591095711,81.37,1.296,sell,293607597
1750591095858,81.37,8,sell,293607598
1750591095860,81.37,4.267,sell,293607599
1750591095958,81.36,14.313,sell,293607600
1750591095960,81.36,0.065,sell,293607601
1750591096261,81.35,11.51,sell,293607602
1750591096262,81.35,0.065,sell,293607603
1750591096264,81.34,23.658,sell,293607604
1750591097089,81.34,0.066,buy,293607605
1750591099219,81.36,0.073,buy,293607606
1750591099257,81.35,0.67,sell,293607607
1750591100392,81.36,1.297,sell,293607608
1750591100974,81.36,0.064,sell,293607609
1750591101145,81.37,0.357,sell,293607610
1750591101271,81.37,0.195,sell,293607611
1750591102555,81.37,2.644,sell,293607612
1750591102635,81.37,1.297,sell,293607613
1750591102715,81.37,0.13,sell,293607614
1750591102715,81.36,11.783,sell,293607615
1750591102803,81.35,0.257,sell,293607616
1750591104546,81.36,0.276,sell,293607617
1750591105047,81.37,0.28,sell,293607618
1750591106194,81.37,0.874,sell,293607619
1750591107469,81.37,0.265,sell,293607620
1750591108140,81.37,0.261,sell,293607621
1750591108234,81.37,0.184,sell,293607622
1750591108354,81.38,0.093,buy,293607623
1750591108356,81.37,1.297,sell,293607624
1750591109293,81.38,0.472,buy,293607625
1750591109421,81.38,1.296,sell,293607626
1750591109560,81.38,0.531,sell,293607627
1750591109752,81.38,0.097,sell,293607628
1750591110000,81.39,0.406,buy,293607629
1750591110446,81.39,1.297,sell,293607630
1750591110454,81.39,9.071,sell,293607631
1750591112009,81.38,1.297,sell,293607632
1750591112196,81.38,0.245,sell,293607633
1750591112844,81.39,0.272,buy,293607634
1750591113036,81.39,0.064,buy,293607635
1750591118168,81.38,1.297,sell,293607636
1750591118353,81.38,0.13,sell,293607637
1750591118418,81.37,0.418,sell,293607638
1750591118601,81.36,0.387,sell,293607639
1750591119133,81.36,8.839,sell,293607640
1750591120264,81.36,0.082,sell,293607641
1750591120855,81.36,0.11,sell,293607642
1750591121251,81.37,2.21,buy,293607643
1750591121946,81.36,2.77,sell,293607644
1750591125699,81.37,0.42,buy,293607645
1750591125789,81.36,0.195,sell,293607646
1750591125791,81.35,0.325,sell,293607647
1750591127530,81.34,0.146,sell,293607648
1750591127821,81.35,0.061,buy,293607649
1750591129800,81.35,0.125,buy,293607650
1750591130952,81.34,0.244,sell,293607651
1750591131235,81.33,0.278,sell,293607652
1750591131450,81.34,0.183,sell,293607653
1750591133549,81.35,3.188,sell,293607654
1750591134742,81.36,0.572,sell,293607655
1750591135042,81.36,0.265,sell,293607656
1750591135334,81.36,0.943,sell,293607657
1750591135350,81.37,35.958,buy,293607658
1750591135350,81.38,0.897,buy,293607659
1750591135353,81.37,0.195,sell,293607660
1750591139454,81.36,0.195,sell,293607661
1750591140492,81.36,0.094,buy,293607662
1750591141959,81.37,0.552,sell,293607663
1750591142022,81.37,0.242,sell,293607664
1750591142200,81.37,8.284,sell,293607665
1750591144078,81.38,1.914,buy,293607666
1750591144145,81.37,0.375,sell,293607667
1750591144625,81.37,0.287,sell,293607668
1750591145350,81.37,51.19,buy,293607669
1750591145757,81.37,0.322,sell,293607670
1750591146234,81.37,0.317,sell,293607671
1750591147044,81.37,0.312,sell,293607672
1750591148211,81.37,0.119,sell,293607673
1750591148314,81.37,0.562,sell,293607674
1750591151965,81.37,0.195,sell,293607675
1750591152569,81.36,0.325,sell,293607676
1750591152609,81.35,0.325,sell,293607677
1750591153425,81.34,0.393,sell,293607678
1750591153461,81.33,0.325,sell,293607679
1750591153842,81.32,0.455,sell,293607680
1750591154618,81.32,0.336,buy,293607681
1750591154701,81.32,0.196,buy,293607682
1750591155330,81.31,0.183,sell,293607683
1750591158804,81.32,4.013,buy,293607684
1750591162046,81.33,0.528,buy,293607685
1750591165703,81.32,1.315,sell,293607686
1750591169501,81.33,0.355,buy,293607687
1750591173524,81.33,0.203,buy,293607688
1750591175360,81.33,7.716,buy,293607689
1750591175904,81.32,0.795,sell,293607690
1750591177048,81.31,0.277,sell,293607691
1750591177430,81.32,0.322,sell,293607692
1750591180541,81.32,0.256,sell,293607693
1750591180811,81.32,0.252,sell,293607694
1750591181164,81.32,0.248,sell,293607695
1750591181971,81.32,0.195,sell,293607696
1750591182296,81.32,0.114,buy,293607697
1750591182341,81.32,0.297,sell,293607698
1750591182639,81.32,0.292,sell,293607699
1750591183117,81.32,0.195,sell,293607700
1750591184478,81.32,0.41,buy,293607701
1750591186047,81.31,0.26,sell,293607702
1750591187848,81.31,0.322,sell,293607703
1750591188533,81.32,0.619,sell,293607704
1750591189438,81.32,0.314,sell,293607705
1750591193228,81.33,2.459,buy,293607706
1750591193802,81.33,0.313,buy,293607707
1750591193882,81.32,1.849,sell,293607708
1750591194100,81.32,0.133,sell,293607709
1750591194109,81.33,0.065,buy,293607710
1750591194238,81.33,0.298,sell,293607711
1750591194763,81.33,0.195,sell,293607712
1750591194958,81.32,0.26,sell,293607713
1750591196235,81.31,0.274,sell,293607714
1750591198187,81.32,0.386,buy,293607715
1750591198364,81.31,0.333,sell,293607716
1750591198757,81.32,0.322,sell,293607717
1750591201602,81.33,0.673,sell,293607718
1750591201655,81.34,0.279,buy,293607719
1750591202242,81.33,0.26,sell,293607720
1750591202242,81.32,1.28,sell,293607721
1750591202914,81.34,0.068,buy,293607722
1750591203099,81.34,0.461,sell,293607723
1750591203443,81.34,0.276,sell,293607724
1750591203941,81.34,0.271,sell,293607725
1750591206037,81.35,2.812,buy,293607726
1750591207036,81.35,0.429,buy,293607727
1750591207125,81.35,0.344,buy,293607728
1750591208175,81.35,0.761,sell,293607729
1750591208652,81.35,0.344,sell,293607730
1750591213019,81.35,0.134,sell,293607731
1750591213694,81.36,0.126,buy,293607732
1750591213695,81.36,0.123,buy,293607733
1750591213858,81.36,0.321,sell,293607734
1750591214144,81.36,0.316,sell,293607735
1750591214655,81.36,0.311,sell,293607736
1750591221955,81.37,0.374,buy,293607737
1750591222765,81.36,0.183,sell,293607738
1750591222892,81.36,1.236,sell,293607739
1750591228786,81.37,0.477,buy,293607740
1750591232577,81.37,0.493,buy,293607741
1750591232955,81.37,0.09,buy,293607742
1750591234375,81.36,0.097,sell,293607743
1750591235369,81.36,0.29,sell,293607744
1750591236208,81.36,7.534,sell,293607745
1750591236521,81.35,0.25,sell,293607746
1750591237362,81.35,0.317,sell,293607747
1750591244599,81.36,0.782,buy,293607748
1750591245409,81.35,8.96,sell,293607749
1750591245640,81.35,0.874,sell,293607750
1750591246226,81.35,1.278,buy,293607751
1750591246422,81.35,0.317,buy,293607752
1750591257370,81.35,0.074,buy,293607753
1750591264102,81.35,7.818,buy,293607754
1750591264338,81.36,0.281,sell,293607755
1750591265232,81.36,0.277,sell,293607756
1750591265499,81.36,0.272,sell,293607757
1750591265847,81.36,0.268,sell,293607758
1750591266058,81.37,0.429,buy,293607759
1750591266123,81.36,0.264,sell,293607760
1750591266768,81.36,0.26,sell,293607761
1750591267478,81.36,0.255,sell,293607762
1750591268647,81.37,0.075,buy,293607763
1750591268798,81.36,0.261,sell,293607764
1750591269567,81.37,0.536,buy,293607765
1750591271655,81.36,0.283,sell,293607766
1750591273028,81.36,0.264,sell,293607767
1750591274969,81.36,0.632,sell,293607768
1750591274985,81.35,0.325,sell,293607769
1750591275033,81.34,6.862,sell,293607770
1750591275157,81.33,0.419,sell,293607771
1750591275183,81.33,0.393,sell,293607772
1750591275279,81.32,4.455,sell,293607773
1750591275447,81.31,0.328,sell,293607774
1750591275455,81.31,0.092,buy,293607775
1750591275633,81.3,0.39,sell,293607776
1750591276248,81.3,0.315,sell,293607777
1750591276452,81.3,0.195,sell,293607778
1750591277398,81.3,0.434,sell,293607779
1750591277740,81.3,0.269,sell,293607780
1750591279240,81.3,0.195,sell,293607781
1750591279804,81.3,0.365,buy,293607782
1750591280423,81.29,0.393,sell,293607783
1750591281781,81.28,0.455,sell,293607784
1750591282481,81.28,1.004,buy,293607785
1750591289706,81.27,0.393,sell,293607786
1750591289706,81.26,0.455,sell,293607787
1750591289706,81.25,8.132,sell,293607788
1750591289706,81.25,19.825,sell,293607789
1750591289861,81.24,1.256,sell,293607790
1750591290532,81.24,0.259,sell,293607791
1750591290534,81.24,16.059,sell,293607792
1750591290569,81.24,2.68,sell,293607793
1750591290571,81.24,0.974,sell,293607794
1750591290844,81.25,8.679,buy,293607795
1750591290845,81.25,19.937,buy,293607796
1750591290850,81.27,6.154,buy,293607797
1750591290915,81.27,1.181,buy,293607798
1750591292261,81.26,0.26,sell,293607799
1750591292464,81.25,0.296,sell,293607800
1750591293241,81.25,0.325,sell,293607801
1750591295218,81.25,0.357,buy,293607802
1750591295299,81.25,0.731,buy,293607803
1750591296008,81.24,0.26,sell,293607804
1750591296010,81.24,0.065,sell,293607805
1750591296015,81.23,0.973,sell,293607806
1750591296171,81.22,0.148,sell,293607807
1750591297939,81.25,0.371,buy,293607808
1750591298037,81.24,0.276,sell,293607809
1750591300547,81.24,0.272,sell,293607810
1750591300941,81.24,0.268,sell,293607811
1750591303165,81.24,0.26,sell,293607812
1750591303240,81.23,0.279,sell,293607813
1750591307267,81.23,0.341,sell,293607814
1750591308511,81.24,0.596,buy,293607815
1750591308836,81.24,0.31,buy,293607816
1750591310196,81.25,0.093,buy,293607817
1750591310269,81.25,0.299,sell,293607818
1750591310946,81.26,0.481,sell,293607819
1750591312662,81.26,0.195,sell,293607820
1750591313312,81.26,0.492,buy,293607821
1750591317308,81.26,0.075,buy,293607822
1750591318993,81.27,0.129,buy,293607823
1750591319019,81.28,0.068,buy,293607824
1750591319964,81.29,22.334,buy,293607825
1750591319964,81.3,6.828,buy,293607826
1750591321510,81.29,0.767,buy,293607827
1750591322465,81.28,0.265,sell,293607828
1750591322564,81.29,0.376,buy,293607829
1750591324778,81.28,8.598,sell,293607830
1750591324785,81.27,17.427,sell,293607831
1750591324791,81.27,1.488,buy,293607832
1750591324791,81.26,2.543,sell,293607833
1750591324849,81.26,0.195,sell,293607834
1750591324931,81.25,0.986,sell,293607835
1750591325707,81.25,0.212,sell,293607836
1750591325742,81.26,0.233,buy,293607837
1750591325743,81.25,0.278,sell,293607838
1750591328020,81.25,0.454,sell,293607839
1750591328043,81.25,0.142,sell,293607840
1750591330345,81.26,0.102,buy,293607841
1750591331828,81.28,3.065,buy,293607842
1750591333078,81.28,1.531,buy,293607843
1750591337613,81.28,6.153,buy,293607844
1750591340149,81.27,0.586,sell,293607845
1750591345010,81.28,0.287,buy,293607846
1750591345434,81.27,0.305,sell,293607847
1750591346112,81.27,0.301,sell,293607848
1750591346744,81.29,4.457,buy,293607849
1750591347002,81.29,16.83,sell,293607850
1750591347003,81.29,0.065,sell,293607851
1750591347088,81.28,0.267,sell,293607852
1750591348440,81.28,0.333,sell,293607853
1750591348964,81.28,0.13,sell,293607854
1750591351491,81.27,4.415,sell,293607855
1750591351613,81.26,0.871,sell,293607856
1750591355061,81.25,0.324,sell,293607857
1750591356663,81.25,0.281,sell,293607858
1750591358845,81.25,0.317,sell,293607859
1750591359327,81.26,1.031,buy,293607860
1750591359606,81.26,0.88,buy,293607861
1750591359746,81.26,0.397,sell,293607862
1750591359878,81.27,0.615,buy,293607863
1750591360448,81.27,0.644,buy,293607864
1750591365501,81.26,0.739,sell,293607865
1750591366680,81.25,0.325,sell,293607866
1750591368357,81.25,0.425,buy,293607867
1750591371650,81.24,0.393,sell,293607868
1750591372076,81.23,0.393,sell,293607869
1750591373268,81.22,4.579,sell,293607870
1750591373268,81.21,14.546,sell,293607871
1750591373268,81.2,4.755,sell,293607872
1750591386040,81.2,0.571,sell,293607873
1750591386113,81.19,0.393,sell,293607874
1750591386161,81.18,0.393,sell,293607875
1750591386564,81.17,0.393,sell,293607876
1750591388679,81.17,0.43,buy,293607877
1750591389539,81.17,0.119,buy,293607878
1750591389541,81.17,0.071,buy,293607879
1750591389633,81.17,0.181,sell,293607880
1750591389660,81.17,0.276,sell,293607881
1750591390223,81.18,1.943,sell,293607882
1750591390343,81.18,0.442,sell,293607883
1750591390645,81.18,0.257,sell,293607884
1750591391282,81.18,0.254,sell,293607885
1750591391585,81.18,0.25,sell,293607886
1750591392958,81.18,0.13,sell,293607887
1750591393436,81.18,0.32,sell,293607888
1750591393688,81.19,1.151,buy,293607889
1750591393848,81.18,0.256,sell,293607890
1750591394654,81.19,0.432,sell,293607891
1750591394664,81.19,10.091,sell,293607892
1750591394666,81.19,0.104,sell,293607893
1750591395370,81.18,0.278,sell,293607894
1750591395790,81.18,0.274,sell,293607895
1750591396127,81.18,0.27,sell,293607896
1750591396651,81.18,0.266,sell,293607897
1750591396962,81.18,0.262,sell,293607898
1750591397345,81.19,0.114,buy,293607899
1750591397442,81.19,0.454,sell,293607900
1750591397741,81.19,0.434,sell,293607901
1750591398214,81.19,0.122,sell,293607902
1750591398291,81.2,1.01,buy,293607903
1750591398588,81.19,0.073,sell,293607904
1750591402093,81.19,0.958,buy,293607905
1750591402532,81.18,0.278,sell,293607906
1750591402831,81.18,0.276,sell,293607907
1750591404529,81.18,0.277,sell,293607908
1750591405009,81.18,0.273,sell,293607909
1750591405531,81.18,0.269,sell,293607910
1750591405555,81.18,0.12,sell,293607911
1750591406854,81.18,0.263,sell,293607912
1750591407508,81.18,0.259,sell,293607913
1750591407848,81.19,0.123,buy,293607914
1750591409584,81.19,0.464,sell,293607915
1750591410030,81.19,0.195,sell,293607916
1750591411148,81.19,0.596,sell,293607917
1750591411228,81.19,0.122,sell,293607918
1750591411489,81.19,0.584,sell,293607919
1750591412119,81.19,21.445,sell,293607920
1750591412124,81.18,4.508,sell,293607921
1750591412125,81.18,13.62,sell,293607922
1750591412225,81.17,2.362,sell,293607923
1750591414903,81.18,0.215,buy,293607924
1750591417242,81.18,0.185,buy,293607925
1750591418333,81.17,0.368,sell,293607926
1750591418732,81.18,0.256,sell,293607927
1750591420204,81.19,1.973,buy,293607928
1750591420350,81.19,0.927,buy,293607929
1750591421787,81.18,0.195,sell,293607930
1750591421792,81.17,22.224,sell,293607931
1750591421977,81.16,0.393,sell,293607932
1750591422174,81.15,0.393,sell,293607933
1750591422416,81.14,0.393,sell,293607934
1750591422736,81.13,0.393,sell,293607935
1750591423158,81.12,6.321,sell,293607936
1750591423160,81.12,0.065,sell,293607937
1750591423558,81.12,0.645,buy,293607938
1750591424460,81.11,17.639,sell,293607939
1750591424460,81.1,16.102,sell,293607940
1750591424793,81.1,8,sell,293607941
1750591426376,81.11,0.284,sell,293607942
1750591426841,81.11,0.271,sell,293607943
1750591427281,81.11,0.182,sell,293607944
1750591428292,81.12,0.322,buy,293607945
1750591429107,81.11,11.445,sell,293607946
1750591429119,81.1,16.888,sell,293607947
1750591429120,81.1,13.556,sell,293607948
1750591429349,81.09,0.325,sell,293607949
1750591429649,81.08,0.28,sell,293607950
1750591430570,81.08,0.276,sell,293607951
1750591430940,81.08,0.272,sell,293607952
1750591431232,81.08,0.268,sell,293607953
1750591431537,81.08,0.264,sell,293607954
1750591431919,81.08,10.348,sell,293607955
1750591431919,81.07,6.597,sell,293607956
1750591433839,81.08,0.635,buy,293607957
1750591433942,81.07,0.278,sell,293607958
1750591434231,81.07,0.276,sell,293607959
1750591434522,81.07,0.271,sell,293607960
1750591434680,81.08,0.615,buy,293607961
1750591434799,81.07,0.267,sell,293607962
1750591435148,81.07,0.263,sell,293607963
1750591435441,81.07,0.258,sell,293607964
1750591435928,81.07,0.254,sell,293607965
1750591437478,81.08,0.776,buy,293607966
1750591437552,81.07,0.13,sell,293607967
1750591437671,81.06,0.279,sell,293607968
1750591438138,81.06,0.275,sell,293607969
1750591438545,81.06,0.27,sell,293607970
1750591438838,81.06,0.266,sell,293607971
1750591439343,81.06,0.262,sell,293607972
1750591439940,81.06,0.258,sell,293607973
1750591440339,81.07,2.129,buy,293607974
1750591440830,81.06,0.253,sell,293607975
1750591441278,81.07,1.139,buy,293607976
1750591441748,81.06,0.249,sell,293607977
1750591441999,81.06,0.453,sell,293607978
1750591443774,81.07,1.85,buy,293607979
1750591444677,81.06,0.486,sell,293607980
1750591445540,81.05,0.278,sell,293607981
1750591445811,81.05,0.276,sell,293607982
1750591446141,81.05,0.271,sell,293607983
1750591446467,81.05,0.267,sell,293607984
1750591446873,81.05,0.263,sell,293607985
1750591447402,81.05,0.258,sell,293607986
1750591447550,81.06,0.37,buy,293607987
1750591448151,81.05,0.254,sell,293607988
1750591449330,81.05,0.13,sell,293607989
1750591450159,81.04,0.28,sell,293607990
1750591450448,81.04,0.275,sell,293607991
1750591450722,81.04,0.271,sell,293607992
1750591451156,81.04,0.266,sell,293607993
1750591451468,81.04,0.262,sell,293607994
1750591451506,81.05,2.971,buy,293607995
1750591451754,81.04,0.257,sell,293607996
1750591452049,81.04,0.253,sell,293607997
1750591452072,81.04,9.714,sell,293607998
1750591452073,81.04,0.065,sell,293607999
1750591452077,81.03,19.508,sell,293608000
1750591452079,81.03,28.175,sell,293608001
1750591452096,81.02,75.28,sell,293608002
1750591452415,81.01,0.136,sell,293608003
1750591452419,81.01,0.254,sell,293608004
1750591454048,81.01,0.18,buy,293608005
1750591455922,81.01,5.282,buy,293608006
1750591456103,81.01,0.475,sell,293608007
1750591459982,81.03,1.212,sell,293608008
1750591461457,81.04,0.405,sell,293608009
1750591462733,81.05,0.54,sell,293608010
1750591462999,81.05,0.242,sell,293608011
1750591463046,81.05,0.505,sell,293608012
1750591463343,81.05,0.494,sell,293608013
1750591466659,81.06,0.545,buy,293608014
1750591472001,81.05,6.231,sell,293608015
1750591472002,81.05,0.065,sell,293608016
1750591472283,81.05,0.727,buy,293608017
1750591472877,81.04,0.325,sell,293608018
1750591473604,81.03,0.393,sell,293608019
1750591473963,81.03,0.061,buy,293608020
1750591475465,81.03,0.077,buy,293608021
1750591475578,81.02,0.393,sell,293608022
1750591475578,81.01,2.763,sell,293608023
1750591478303,81.02,1.01,buy,293608024
1750591479856,81.01,0.102,sell,293608025
1750591481400,81.01,0.288,sell,293608026
1750591482326,81,1.073,sell,293608027
1750591482328,81,5.905,sell,293608028
1750591482330,81,0.065,sell,293608029
1750591482397,81,0.16,buy,293608030
1750591484039,81,0.061,buy,293608031
1750591484157,80.99,0.244,sell,293608032
1750591485998,81,1.373,buy,293608033
1750591489382,81,0.064,buy,293608034
1750591489868,80.99,0.93,sell,293608035
1750591490133,80.99,0.915,sell,293608036
1750591490444,80.99,0.901,sell,293608037
1750591490744,80.99,0.886,sell,293608038
1750591490800,80.99,16.719,sell,293608039
1750591490802,80.99,38.314,sell,293608040
1750591490804,80.99,0.065,sell,293608041
1750591492931,80.99,0.733,buy,293608042
1750591494699,80.99,0.284,buy,293608043
1750591495338,80.99,1.296,buy,293608044
1750591495991,80.99,0.385,buy,293608045
1750591496246,80.99,0.314,buy,293608046
1750591505228,80.98,0.486,sell,293608047
1750591506185,80.98,0.769,buy,293608048
1750591509065,80.99,2.362,buy,293608049
1750591509262,80.99,0.289,buy,293608050
1750591509275,81,0.093,buy,293608051
1750591509374,81,0.284,sell,293608052
1750591519002,81,0.31,sell,293608053
1750591521791,81,0.255,sell,293608054
1750591521952,80.99,0.325,sell,293608055
1750591521971,80.98,0.393,sell,293608056
1750591522025,80.97,0.486,sell,293608057
1750591522025,80.96,0.302,sell,293608058
1750591527157,80.98,0.379,sell,293608059
1750591529242,80.98,0.993,sell,293608060
1750591532946,80.98,0.195,sell,293608061
1750591534060,80.97,0.195,sell,293608062
1750591535863,80.96,0.373,sell,293608063
1750591535882,80.95,0.328,sell,293608064
1750591536132,80.95,0.117,buy,293608065
1750591536420,80.94,0.393,sell,293608066
1750591536420,80.93,0.692,sell,293608067
1750591536532,80.94,12.969,buy,293608068
1750591536843,80.93,0.972,sell,293608069
1750591537139,80.93,0.956,sell,293608070
1750591537434,80.93,0.556,sell,293608071
1750591537452,80.94,0.308,buy,293608072
1750591537744,80.93,0.932,sell,293608073
1750591538086,80.93,32.582,sell,293608074
1750591538172,80.93,0.402,sell,293608075
1750591538432,80.93,0.491,sell,293608076
1750591538844,80.93,0.483,sell,293608077
1750591539141,80.93,0.38,sell,293608078
1750591539431,80.93,0.374,sell,293608079
1750591539744,80.93,0.368,sell,293608080
1750591540048,80.93,0.363,sell,293608081
1750591540315,80.93,0.357,sell,293608082
1750591540747,80.93,0.351,sell,293608083
1750591541043,80.93,0.346,sell,293608084
1750591541447,80.93,0.34,sell,293608085
1750591541744,80.93,0.335,sell,293608086
1750591542044,80.93,0.329,sell,293608087
1750591542331,80.93,0.324,sell,293608088
1750591542815,80.93,0.414,sell,293608089
1750591543443,80.93,0.408,sell,293608090
1750591543744,80.93,0.401,sell,293608091
1750591544148,80.93,0.395,sell,293608092
1750591544440,80.93,0.389,sell,293608093
1750591544965,80.93,0.383,sell,293608094
1750591545241,80.93,0.282,sell,293608095
1750591545542,80.93,0.278,sell,293608096
1750591546130,80.93,0.273,sell,293608097
1750591546540,80.93,0.269,sell,293608098
1750591546604,80.93,12.843,sell,293608099
1750591546605,80.93,3.841,sell,293608100
1750591546605,80.93,0.065,sell,293608101
1750591547027,80.92,0.129,sell,293608102
1750591547028,80.92,0.129,sell,293608103
1750591547028,80.92,0.129,sell,293608104
1750591547028,80.92,0.129,sell,293608105
1750591547028,80.92,0.193,sell,293608106
1750591547029,80.92,0.001,sell,293608107
1750591547029,80.91,0.128,sell,293608108
1750591547030,80.91,0.129,sell,293608109
1750591547140,80.91,0.335,sell,293608110
1750591547302,80.92,0.595,buy,293608111
1750591547542,80.91,0.331,sell,293608112
1750591547831,80.91,0.326,sell,293608113
1750591548240,80.91,0.321,sell,293608114
1750591548882,80.91,0.316,sell,293608115
1750591549531,80.91,0.311,sell,293608116
1750591549966,80.91,0.306,sell,293608117
1750591550232,80.91,0.301,sell,293608118
1750591550633,80.91,0.296,sell,293608119
1750591551341,80.91,0.291,sell,293608120
1750591551940,80.91,0.287,sell,293608121
1750591552778,80.92,1.861,buy,293608122
1750591552839,80.91,0.282,sell,293608123
1750591554439,80.91,0.282,sell,293608124
1750591555114,80.91,0.278,sell,293608125
1750591555434,80.91,0.273,sell,293608126
1750591556307,80.91,0.269,sell,293608127
1750591556731,80.91,0.265,sell,293608128
1750591556823,80.92,0.288,buy,293608129
1750591557013,80.91,0.26,sell,293608130
1750591557432,80.91,0.258,sell,293608131
1750591557542,80.92,0.074,buy,293608132
1750591557947,80.92,0.432,sell,293608133
1750591558412,80.93,0.919,buy,293608134
1750591559309,80.94,4.427,buy,293608135
1750591559342,80.94,0.644,sell,293608136
1750591561120,80.95,5.633,buy,293608137
1750591566681,80.94,0.288,sell,293608138
1750591567218,80.93,0.325,sell,293608139
1750591567994,80.93,0.578,buy,293608140
1750591573750,80.93,0.28,sell,293608141
1750591575168,80.95,0.068,buy,293608142
1750591575238,80.95,0.429,sell,293608143
1750591576329,80.96,0.416,buy,293608144
1750591579742,80.96,0.086,buy,293608145
1750591581126,80.96,1.181,buy,293608146
1750591581158,80.96,0.092,buy,293608147
1750591584232,80.97,0.068,buy,293608148
1750591585935,80.97,0.195,sell,293608149
1750591586060,80.96,0.307,sell,293608150
1750591587954,80.97,0.093,buy,293608151
1750591588055,80.96,0.081,sell,293608152
1750591588937,80.96,0.258,sell,293608153
1750591589242,80.96,0.255,sell,293608154
1750591591442,80.96,0.266,sell,293608155
1750591592202,80.97,7.278,buy,293608156
1750591592804,80.98,0.068,buy,293608157
1750591592937,80.98,0.354,sell,293608158
1750591594502,80.98,6.191,sell,293608159
1750591594503,80.98,0.065,sell,293608160
1750591599655,80.98,0.079,buy,293608161
1750591605525,80.98,0.504,sell,293608162
1750591606499,80.98,0.118,buy,293608163
1750591607635,80.98,0.103,buy,293608164
1750591609504,80.98,1.385,buy,293608165
1750591620358,80.97,0.325,sell,293608166
1750591620364,80.96,0.393,sell,293608167
1750591621180,80.96,0.093,buy,293608168
1750591621693,80.96,1.073,buy,293608169
1750591622390,80.95,0.26,sell,293608170
1750591622836,80.96,0.601,buy,293608171
1750591622846,80.95,0.281,sell,293608172
1750591622987,80.96,0.076,buy,293608173
1750591623163,80.96,0.501,sell,293608174
1750591623286,80.97,0.127,buy,293608175
1750591623376,80.97,0.264,buy,293608176
1750591623892,80.97,0.151,buy,293608177
1750591624773,80.96,0.123,sell,293608178
1750591625127,80.96,29.65,sell,293608179
1750591625127,80.95,38.057,sell,293608180
1750591625127,80.94,23.896,sell,293608181
1750591630247,80.96,0.154,buy,293608182
1750591631273,80.95,0.195,sell,293608183
1750591634163,80.96,0.195,sell,293608184
1750591637781,80.95,0.26,sell,293608185
1750591637781,80.94,1.274,sell,293608186
1750591637970,80.95,0.253,buy,293608187
1750591641803,80.95,0.261,buy,293608188
1750591642829,80.94,0.381,sell,293608189
1750591643350,80.94,0.256,sell,293608190
1750591643837,80.95,0.414,buy,293608191
1750591649130,80.95,0.668,sell,293608192
1750591651218,80.97,21.941,buy,293608193
1750591651231,80.97,2.832,buy,293608194
1750591651231,80.98,8.108,buy,293608195
1750591651231,80.98,51.79,buy,293608196
1750591651231,80.98,25.533,buy,293608197
1750591651232,80.98,16.875,buy,293608198
1750591651235,80.98,16.875,buy,293608199
1750591651237,80.98,10.301,buy,293608200
1750591651245,80.99,5.37,buy,293608201
1750591651304,80.99,16.738,buy,293608202
1750591651312,80.99,4.111,buy,293608203
1750591651384,81,3.799,buy,293608204
1750591651424,80.99,0.32,sell,293608205
1750591651776,81.01,0.068,buy,293608206
1750591652101,81.02,0.068,buy,293608207
1750591652178,81.03,0.493,buy,293608208
1750591652431,81.04,0.068,buy,293608209
1750591652789,81.04,6.07,sell,293608210
1750591652790,81.04,0.059,sell,293608211
1750591652885,81.03,0.259,sell,293608212
1750591652908,81.03,0.13,sell,293608213
1750591656180,81.03,1.33,sell,293608214
1750591657272,81.04,1.854,sell,293608215
1750591658515,81.05,0.189,buy,293608216
1750591658699,81.05,6.191,sell,293608217
1750591658701,81.05,0.065,sell,293608218
1750591658964,81.04,0.761,sell,293608219
1750591661520,81.05,1.603,buy,293608220
1750591668640,81.04,0.074,sell,293608221
1750591669559,81.05,0.421,buy,293608222
1750591669559,81.07,3.849,buy,293608223
1750591669562,81.07,0.068,buy,293608224
1750591671365,81.07,1.153,buy,293608225
1750591672040,81.06,0.062,sell,293608226
1750591672299,81.07,0.457,buy,293608227
1750591676446,81.07,0.316,sell,293608228
1750591677149,81.07,0.293,sell,293608229
1750591677398,81.08,0.068,buy,293608230
1750591678402,81.09,0.068,buy,293608231
1750591678409,81.1,0.254,buy,293608232
1750591680155,81.1,0.393,sell,293608233
1750591680157,81.1,0.065,sell,293608234
1750591680395,81.09,0.196,sell,293608235
1750591680606,81.09,0.217,sell,293608236
1750591680650,81.08,0.26,sell,293608237
1750591680654,81.08,0.13,sell,293608238
1750591686092,81.08,0.617,buy,293608239
1750591687196,81.07,0.325,sell,293608240
1750591690776,81.07,1.181,buy,293608241
1750591690956,81.07,0.297,sell,293608242
1750591692119,81.08,2.232,buy,293608243
1750591693066,81.07,0.195,sell,293608244
1750591695947,81.07,0.861,buy,293608245
1750591699130,81.08,0.093,buy,293608246
1750591699273,81.08,0.411,sell,293608247
1750591699523,81.09,0.25,buy,293608248
1750591699648,81.08,0.271,sell,293608249
1750591700186,81.08,0.266,sell,293608250
1750591700835,81.08,0.262,sell,293608251
1750591701623,81.09,0.068,buy,293608252
1750591702732,81.09,0.195,sell,293608253
1750591708426,81.1,0.068,buy,293608254
1750591708616,81.1,0.252,sell,293608255
1750591709688,81.1,17.258,sell,293608256
1750591709689,81.1,0.145,sell,293608257
1750591710899,81.11,0.102,buy,293608258
1750591714593,81.1,2.23,sell,293608259
1750591716939,81.11,0.974,buy,293608260
1750591717498,81.11,0.698,buy,293608261
1750591717900,81.11,0.552,buy,293608262
1750591717900,81.12,0.629,buy,293608263
1750591717906,81.12,0.129,buy,293608264
1750591719555,81.11,0.124,sell,293608265
1750591722206,81.11,0.698,sell,293608266
1750591722208,81.11,0.065,sell,293608267
1750591722213,81.11,0.477,buy,293608268
1750591724155,81.11,2.045,buy,293608269
1750591727858,81.1,0.26,sell,293608270
1750591727859,81.1,0.065,sell,293608271
1750591728511,81.09,6.151,sell,293608272
1750591731874,81.09,3.24,sell,293608273
1750591733152,81.1,0.068,buy,293608274
1750591733244,81.1,0.577,sell,293608275
1750591733993,81.12,0.231,buy,293608276
1750591736911,81.11,0.195,sell,293608277
1750591738757,81.11,0.111,buy,293608278
1750591741648,81.11,0.172,buy,293608279
1750591741741,81.11,0.246,buy,293608280
1750591744004,81.1,17.859,sell,293608281
1750591744004,81.09,2.027,sell,293608282
1750591748056,81.11,0.38,buy,293608283
1750591748300,81.1,0.195,sell,293608284
1750591748808,81.09,0.27,sell,293608285
1750591749070,81.09,0.13,sell,293608286
1750591749410,81.08,0.624,sell,293608287
1750591750194,81.07,0.271,sell,293608288
1750591750619,81.07,0.268,sell,293608289
1750591752142,81.07,0.13,sell,293608290
1750591752315,81.07,0.75,buy,293608291
1750591756558,81.07,0.195,sell,293608292
1750591757161,81.07,0.863,buy,293608293
1750591760611,81.07,0.31,sell,293608294
1750591760732,81.07,0.195,sell,293608295
1750591763400,81.07,0.308,buy,293608296
1750591764240,81.07,0.28,buy,293608297
1750591764306,81.07,0.101,buy,293608298
1750591765541,81.06,0.268,sell,293608299
1750591765834,81.06,0.265,sell,293608300
1750591766415,81.06,0.261,sell,293608301
1750591767006,81.06,0.13,sell,293608302
1750591769433,81.07,0.093,buy,293608303
1750591770409,81.07,0.359,sell,293608304
1750591772911,81.08,1.491,buy,293608305
1750591775693,81.07,0.117,sell,293608306
1750591778179,81.07,0.359,sell,293608307
1750591781202,81.08,4.932,buy,293608308
1750591781267,81.07,0.124,sell,293608309
1750591787107,81.08,0.913,buy,293608310
1750591788426,81.07,0.184,sell,293608311
1750591790498,81.08,0.13,buy,293608312
1750591790639,81.08,0.32,sell,293608313
1750591793094,81.08,0.426,sell,293608314
1750591793094,81.07,2.573,sell,293608315
1750591793687,81.08,1.18,buy,293608316
1750591796364,81.08,0.231,buy,293608317
1750591803551,81.08,0.648,sell,293608318
1750591804092,81.08,0.609,buy,293608319
1750591806367,81.07,0.073,sell,293608320
1750591806663,81.08,1.233,buy,293608321
1750591809263,81.07,0.317,sell,293608322
1750591810530,81.07,0.37,buy,293608323
1750591811306,81.07,0.251,buy,293608324
1750591812067,81.07,1.64,buy,293608325
1750591816792,81.06,0.624,sell,293608326
1750591817835,81.05,0.198,sell,293608327
1750591818803,81.05,1.338,sell,293608328
1750591820841,81.06,0.641,buy,293608329
1750591821342,81.05,0.441,sell,293608330
1750591825430,81.05,2.09,sell,293608331
1750591825723,81.06,0.093,buy,293608332
1750591825833,81.06,0.46,sell,293608333
1750591826913,81.07,1.661,buy,293608334
1750591828386,81.07,0.195,sell,293608335
1750591831117,81.07,0.256,buy,293608336
1750591831158,81.07,2.342,buy,293608337
1750591831515,81.06,0.26,sell,293608338
1750591831516,81.06,0.065,sell,293608339
1750591838621,81.07,0.211,buy,293608340
1750591842714,81.08,0.426,buy,293608341
1750591842778,81.07,0.13,sell,293608342
1750591842779,81.07,0.065,sell,293608343
1750591847204,81.06,0.221,sell,293608344
1750591849789,81.07,2.85,sell,293608345
1750591853293,81.08,0.195,sell,293608346
1750591855241,81.07,0.277,sell,293608347
1750591855566,81.07,0.123,sell,293608348
1750591859597,81.07,0.075,sell,293608349
1750591860965,81.08,0.398,buy,293608350
1750591861738,81.07,2.206,sell,293608351
1750591863310,81.08,0.099,buy,293608352
1750591864143,81.07,0.279,sell,293608353
1750591864446,81.07,0.277,sell,293608354
1750591864506,81.08,4.423,buy,293608355
1750591865161,81.09,0.264,buy,293608356
1750591868332,81.08,0.278,sell,293608357
1750591868632,81.08,0.13,sell,293608358
1750591868673,81.07,0.274,sell,293608359
1750591869089,81.08,0.231,buy,293608360
1750591869658,81.07,0.13,sell,293608361
1750591869658,81.06,0.151,sell,293608362
1750591873628,81.07,0.256,buy,293608363
1750591873992,81.06,5.69,sell,293608364
1750591876209,81.06,0.326,sell,293608365
1750591876975,81.06,4.3,buy,293608366
1750591877030,81.07,0.892,buy,293608367
1750591878045,81.07,0.533,sell,293608368
1750591880329,81.07,0.13,sell,293608369
1750591880330,81.07,0.065,sell,293608370
1750591880786,81.07,0.273,buy,293608371
1750591881575,81.06,0.402,sell,293608372
1750591881578,81.06,0.264,buy,293608373
1750591882076,81.05,0.325,sell,293608374
1750591884208,81.04,0.393,sell,293608375
1750591884435,81.03,0.279,sell,293608376
1750591884742,81.03,0.276,sell,293608377
1750591885030,81.03,0.272,sell,293608378
1750591885278,81.03,0.13,sell,293608379
1750591886351,81.02,0.279,sell,293608380
1750591886486,81.02,5,sell,293608381
1750591887242,81.02,0.277,sell,293608382
1750591887587,81.02,0.273,sell,293608383
1750591887849,81.03,0.309,buy,293608384
1750591887989,81.02,0.269,sell,293608385
1750591888471,81.02,0.265,sell,293608386
1750591888730,81.02,0.261,sell,293608387
1750591889498,81.02,0.195,sell,293608388
1750591889566,81.01,0.599,sell,293608389
1750591890651,81.01,0.393,sell,293608390
1750591890651,81,0.606,sell,293608391
1750591892566,81.01,0.37,buy,293608392
1750591893535,81.01,0.514,sell,293608393
1750591894496,81.01,0.449,sell,293608394
1750591896098,81.01,0.303,sell,293608395
1750591896238,81.01,0.242,sell,293608396
1750591896424,81.01,0.269,sell,293608397
1750591897733,81.01,0.278,sell,293608398
1750591898736,81.01,0.276,sell,293608399
1750591899584,81.02,0.829,buy,293608400
1750591900688,81.04,0.639,buy,293608401
1750591906956,81.03,0.302,sell,293608402
1750591907935,81.03,0.086,sell,293608403
1750591909574,81.03,1.495,sell,293608404
1750591910825,81.04,0.385,buy,293608405
1750591911427,81.04,6.436,buy,293608406
1750591912354,81.04,0.344,buy,293608407
1750591914521,81.03,1.078,sell,293608408
1750591915940,81.03,0.294,sell,293608409
1750591916624,81.03,0.29,sell,293608410
1750591917419,81.03,0.286,sell,293608411
1750591918571,81.03,0.281,sell,293608412
1750591919182,81.04,2.637,buy,293608413
1750591919598,81.04,0.068,buy,293608414
1750591922023,81.06,0.068,buy,293608415
1750591924642,81.06,4.306,sell,293608416
1750591925546,81.06,1.252,sell,293608417
1750591925656,81.05,6.349,sell,293608418
1750591925656,81.04,7.066,sell,293608419
1750591925656,81.03,36.585,sell,293608420
1750591926639,81.03,4.691,sell,293608421
1750591928716,81.02,0.77,sell,293608422
1750591929135,81.02,0.065,sell,293608423
1750591929437,81.02,0.484,buy,293608424
1750591929793,81.01,0.295,sell,293608425
1750591930785,81.01,0.431,buy,293608426
1750591932352,81.01,2.57,buy,293608427
1750591935207,81.01,0.397,sell,293608428
1750591935956,81.01,0.274,sell,293608429
1750591936769,81.02,0.555,buy,293608430
1750591937485,81.01,0.269,sell,293608431
1750591937844,81.01,0.265,sell,293608432
1750591938147,81.01,0.261,sell,293608433
1750591939410,81.01,0.257,sell,293608434
1750591948055,81.02,0.092,buy,293608435
1750591949339,81.02,0.096,buy,293608436
1750591949553,81.02,0.419,sell,293608437
1750591949842,81.02,0.413,sell,293608438
1750591950082,81.03,0.068,buy,293608439
1750591950310,81.05,0.161,buy,293608440
1750591950607,81.05,0.535,sell,293608441
1750591951409,81.05,0.664,sell,293608442
1750591952236,81.06,0.797,buy,293608443
1750591953239,81.07,0.475,sell,293608444
1750591953545,81.07,0.271,sell,293608445
1750591954138,81.07,0.274,sell,293608446
1750591955132,81.08,0.068,buy,293608447
1750591960054,81.07,0.089,sell,293608448
1750591960185,81.08,4.654,buy,293608449
1750591960187,81.08,5.039,buy,293608450
1750591960259,81.08,0.712,sell,293608451
1750591961224,81.09,3.712,buy,293608452
1750591965778,81.1,0.802,buy,293608453
1750591967278,81.1,0.616,buy,293608454
1750591969780,81.09,0.2,sell,293608455
1750591969789,81.09,0.06,sell,293608456
1750591969889,81.08,22.451,sell,293608457
1750591970533,81.07,0.325,sell,293608458
1750591972319,81.07,0.426,buy,293608459
1750591972762,81.06,0.278,sell,293608460
1750591977504,81.08,0.195,sell,293608461
1750591977527,81.07,0.26,sell,293608462
1750591978432,81.06,0.278,sell,293608463
1750591979884,81.06,0.13,sell,293608464
1750591979924,81.05,0.295,sell,293608465
1750591981606,81.05,0.247,sell,293608466
1750591982240,81.05,0.277,sell,293608467
1750591982543,81.05,0.274,sell,293608468
1750591982591,81.06,1.538,buy,293608469
1750591983013,81.05,0.27,sell,293608470
1750591983366,81.05,0.266,sell,293608471
1750591983531,81.05,0.13,sell,293608472
1750591984814,81.04,0.508,sell,293608473
1750591985010,81.03,0.33,sell,293608474
1750591985016,81.03,0.128,sell,293608475
1750591985029,81.02,0.088,sell,293608476
1750591985029,81.02,0.088,sell,293608477
1750591985030,81.02,0.088,sell,293608478
1750591987060,81.02,0.277,sell,293608479
1750591988360,81.03,0.775,buy,293608480
1750591988392,81.03,0.674,buy,293608481
1750591989613,81.03,0.065,buy,293608482
1750591990691,81.04,0.449,buy,293608483
1750591991567,81.03,0.2,sell,293608484
1750591991568,81.03,0.06,sell,293608485
1750591991622,81.02,0.13,sell,293608486
1750591991696,81.02,1.826,buy,293608487
1750591992244,81.02,0.446,sell,293608488
1750591993265,81.03,1.233,buy,293608489
1750591997222,81.02,2.103,sell,293608490
1750591997262,81.02,0.079,sell,293608491
1750592001811,81.02,0.29,sell,293608492
1750592001811,81.02,0.065,sell,293608493
1750592001828,81.01,0.393,sell,293608494
1750592001828,81,0.788,sell,293608495
1750592002953,81.01,1.122,buy,293608496
1750592003145,81,0.271,sell,293608497
1750592003899,81,1.67,sell,293608498
1750592004131,81.01,0.09,buy,293608499
1750592004252,81.01,0.437,sell,293608500
1750592007444,81.02,0.46,sell,293608501
1750592007738,81.02,0.276,sell,293608502
1750592008245,81.02,0.271,sell,293608503
1750592008640,81.02,0.267,sell,293608504
1750592009149,81.03,0.309,buy,293608505
1750592009484,81.04,0.282,sell,293608506
1750592009935,81.04,0.278,sell,293608507
1750592010562,81.04,0.195,sell,293608508
1750592011250,81.04,0.411,sell,293608509
1750592011741,81.04,0.404,sell,293608510
1750592012045,81.04,0.398,sell,293608511
1750592012169,81.04,0.363,sell,293608512
1750592013020,81.05,0.068,buy,293608513
1750592013172,81.05,0.295,sell,293608514
1750592013488,81.05,0.291,sell,293608515
1750592014225,81.05,0.195,sell,293608516
1750592014246,81.04,0.195,sell,293608517
1750592014317,81.03,0.986,sell,293608518
1750592016139,81.04,0.278,buy,293608519
1750592016946,81.03,0.195,sell,293608520
1750592018689,81.03,0.285,buy,293608521
1750592018689,81.04,0.521,buy,293608522
1750592018743,81.03,0.342,sell,293608523
1750592019308,81.04,0.075,buy,293608524
1750592019441,81.03,0.272,sell,293608525
1750592020398,81.03,0.268,sell,293608526
1750592021343,81.04,0.086,buy,293608527
1750592021344,81.03,0.264,sell,293608528
1750592022378,81.03,0.26,sell,293608529
1750592023025,81.04,0.845,buy,293608530
1750592024741,81.03,0.256,sell,293608531
1750592025255,81.03,0.252,sell,293608532
1750592026028,81.03,0.248,sell,293608533
1750592026340,81.03,0.261,sell,293608534
1750592026813,81.04,1.366,buy,293608535
1750592027965,81.03,0.258,sell,293608536
1750592031222,81.04,1.162,buy,293608537
1750592033839,81.03,0.278,sell,293608538
1750592034106,81.03,0.195,sell,293608539
1750592034106,81.02,0.066,sell,293608540
1750592034440,81.02,0.277,sell,293608541
1750592034479,81.02,0.065,sell,293608542
1750592034815,81.01,0.393,sell,293608543
1750592034972,81,0.325,sell,293608544
1750592034975,81,0.424,buy,293608545
1750592036065,80.99,0.198,sell,293608546
1750592036741,80.99,1.422,buy,293608547
1750592037418,80.99,0.061,buy,293608548
1750592038242,80.99,1.105,buy,293608549
1750592038391,80.99,0.065,buy,293608550
1750592038433,80.99,0.293,sell,293608551
1750592039843,80.99,0.254,sell,293608552
1750592040283,80.99,0.25,sell,293608553
1750592041133,80.99,0.432,sell,293608554
1750592041637,80.99,0.425,sell,293608555
1750592042144,80.99,0.42,sell,293608556
1750592042413,80.99,0.255,sell,293608557
1750592042858,80.99,0.251,sell,293608558
1750592042984,80.99,0.426,sell,293608559
1750592042987,80.99,0.093,sell,293608560
1750592043357,80.99,0.068,buy,293608561
1750592044169,80.99,0.308,buy,293608562
1750592046586,81,0.274,sell,293608563
1750592046937,81,0.269,sell,293608564
1750592047492,81,0.265,sell,293608565
1750592048193,81,0.261,sell,293608566
1750592048698,81.01,0.593,sell,293608567
1750592048993,81.01,0.408,sell,293608568
1750592049539,81.01,0.348,sell,293608569
1750592049844,81.01,0.343,sell,293608570
1750592053826,80.99,0.068,sell,293608571
1750592056251,80.99,0.271,sell,293608572
1750592056859,80.99,0.267,sell,293608573
1750592058819,80.99,3.702,buy,293608574
1750592059603,80.99,0.108,sell,293608575
1750592061133,81,0.432,sell,293608576
1750592062716,81.01,0.068,buy,293608577
1750592063718,81.02,0.948,buy,293608578
1750592068349,80.99,0.068,sell,293608579
1750592069139,80.98,0.276,sell,293608580
1750592069441,80.98,0.271,sell,293608581
1750592074221,80.98,0.16,buy,293608582
1750592074267,80.98,0.469,buy,293608583
1750592074817,80.98,1.157,buy,293608584
1750592075049,80.99,0.093,buy,293608585
1750592075187,81,0.332,sell,293608586
1750592075387,81,0.452,sell,293608587
1750592077940,81,0.2,sell,293608588
1750592078206,81.01,0.37,buy,293608589
1750592079997,80.99,0.086,buy,293608590
1750592080254,80.99,0.189,buy,293608591
1750592081110,81,0.711,buy,293608592
1750592084366,81.01,0.17,buy,293608593
1750592087161,81.01,1,buy,293608594
1750592087378,81,0.167,sell,293608595
1750592092278,81,0.737,sell,293608596
1750592092284,80.99,0.452,buy,293608597
1750592093042,80.99,0.21,buy,293608598
1750592093306,80.98,0.499,buy,293608599
1750592094396,80.98,0.263,buy,293608600
1750592097696,80.98,3.123,sell,293608601
1750592097938,80.98,0.264,sell,293608602
1750592098345,80.98,0.267,sell,293608603
1750592101555,80.99,0.061,buy,293608604
1750592101602,80.98,0.417,sell,293608605
1750592101602,80.98,0.036,sell,293608606
1750592101951,80.97,0.275,sell,293608607
1750592102275,80.97,0.093,buy,293608608
1750592104206,80.96,0.068,sell,293608609
1750592104365,80.95,0.071,sell,293608610
1750592105056,80.95,0.334,sell,293608611
1750592105344,80.95,0.329,sell,293608612
1750592105675,80.95,0.324,sell,293608613
1750592106696,80.95,0.368,sell,293608614
1750592107153,80.95,0.313,sell,293608615
1750592107439,80.95,0.308,sell,293608616
1750592108497,80.95,0.507,buy,293608617
1750592108513,80.95,0.247,buy,293608618
1750592108792,80.94,0.068,sell,293608619
1750592108915,80.94,0.076,buy,293608620
1750592111615,80.94,0.452,sell,293608621
1750592111799,80.94,0.076,sell,293608622
1750592111964,80.94,0.424,sell,293608623
1750592112443,80.95,0.494,buy,293608624
1750592112780,80.94,0.417,sell,293608625
1750592113186,80.94,0.41,sell,293608626
1750592113485,80.94,0.404,sell,293608627
1750592116991,80.94,7.542,buy,293608628
1750592117039,80.95,1.025,buy,293608629
1750592117042,80.94,1.435,sell,293608630
1750592117293,80.95,0.675,buy,293608631
1750592118040,80.95,0.373,buy,293608632
1750592119181,80.95,0.474,buy,293608633
1750592119838,80.95,0.089,buy,293608634
1750592123043,80.95,0.251,buy,293608635
1750592123196,80.95,0.291,buy,293608636
1750592123800,80.94,0.278,sell,293608637
1750592125152,80.94,0.277,sell,293608638
1750592126041,80.94,0.273,sell,293608639
1750592126377,80.94,0.269,sell,293608640
1750592126733,80.94,0.265,sell,293608641
1750592126736,80.94,0.13,sell,293608642
1750592133962,80.94,0.58,buy,293608643
1750592134026,80.94,0.28,buy,293608644
1750592134475,80.94,0.324,buy,293608645
1750592134779,80.93,0.393,sell,293608646
1750592135367,80.92,0.393,sell,293608647
1750592136043,80.91,0.274,sell,293608648
1750592136044,80.91,0.119,sell,293608649
1750592136343,80.9,0.297,sell,293608650
1750592136460,80.91,2.417,buy,293608651
1750592138380,80.91,1.852,buy,293608652
1750592138601,80.9,12.441,sell,293608653
1750592138603,80.9,0.065,sell,293608654
1750592138635,80.89,0.405,sell,293608655
1750592140201,80.89,0.077,sell,293608656
1750592140531,80.89,1.443,sell,293608657
1750592141442,80.89,0.279,buy,293608658
1750592143145,80.88,0.288,sell,293608659
1750592143444,80.88,0.284,sell,293608660
1750592144033,80.88,0.279,sell,293608661
1750592144332,80.88,0.276,sell,293608662
1750592144605,80.88,0.272,sell,293608663
1750592145369,80.88,0.426,sell,293608664
1750592145696,80.88,0.261,sell,293608665
1750592145949,80.88,0.99,sell,293608666
1750592145999,80.88,0.257,sell,293608667
1750592146639,80.88,0.399,sell,293608668
1750592147337,80.88,0.392,sell,293608669
1750592147843,80.88,0.386,sell,293608670
1750592148002,80.89,0.303,buy,293608671
1750592148399,80.89,0.075,buy,293608672
1750592149587,80.88,0.38,sell,293608673
1750592152542,80.88,0.375,sell,293608674
1750592152786,80.88,0.369,sell,293608675
1750592153733,80.89,0.185,buy,293608676
1750592154777,80.88,3.83,sell,293608677
1750592155456,80.89,0.449,buy,293608678
1750592156121,80.89,0.343,buy,293608679
1750592157467,80.89,0.232,buy,293608680
1750592159046,80.88,0.368,sell,293608681
1750592159289,80.87,0.468,sell,293608682
1750592159289,80.86,0.381,sell,293608683
1750592159645,80.86,0.381,sell,293608684
1750592159911,80.86,0.329,sell,293608685
1750592159912,80.86,0.065,sell,293608686
1750592160324,80.85,0.288,sell,293608687
1750592161236,80.85,0.283,sell,293608688
1750592162035,80.85,0.471,sell,293608689
1750592162038,80.84,0.844,sell,293608690
1750592162070,80.84,0.255,sell,293608691
1750592162222,80.85,1.001,buy,293608692
1750592162230,80.84,0.13,sell,293608693
1750592162236,80.83,0.081,sell,293608694
1750592162237,80.83,0.121,sell,293608695
1750592162237,80.83,0.081,sell,293608696
1750592162238,80.83,0.081,sell,293608697
1750592162238,80.83,0.081,sell,293608698
1750592162254,80.83,0.107,sell,293608699
1750592162254,80.82,1.074,sell,293608700
1750592162269,80.83,1.088,buy,293608701
1750592162828,80.82,0.278,sell,293608702
1750592163143,80.82,0.276,sell,293608703
1750592163294,80.83,2.516,buy,293608704
1750592163589,80.83,0.337,buy,293608705
1750592163613,80.84,0.093,buy,293608706
1750592163635,80.84,0.518,sell,293608707
1750592165432,80.88,0.265,sell,293608708
1750592166151,80.89,0.629,buy,293608709
1750592166754,80.88,0.195,sell,293608710
1750592166754,80.87,1.653,sell,293608711
1750592170348,80.87,0.255,sell,293608712
1750592170762,80.87,0.253,sell,293608713
1750592171236,80.87,0.249,sell,293608714
1750592171845,80.87,0.47,sell,293608715
1750592172332,80.87,0.559,sell,293608716
1750592174342,80.87,0.392,sell,293608717
1750592176036,80.88,0.38,buy,293608718
1750592176184,80.87,0.387,sell,293608719
1750592176479,80.87,0.266,sell,293608720
1750592177988,80.88,0.207,buy,293608721
1750592177988,80.89,0.591,buy,293608722
1750592178094,80.88,0.411,sell,293608723
1750592178096,80.88,0.065,sell,293608724
1750592178390,80.87,0.26,sell,293608725
1750592181400,80.86,0.26,sell,293608726
1750592181401,80.86,0.065,sell,293608727
1750592183142,80.86,0.544,sell,293608728
1750592183441,80.86,0.536,sell,293608729
1750592187656,80.87,0.172,buy,293608730
1750592187663,80.86,0.122,sell,293608731
1750592189293,80.86,6.256,sell,293608732
1750592189293,80.85,41.695,sell,293608733
1750592189293,80.84,76.241,sell,293608734
1750592189296,80.84,21.341,sell,293608735
1750592189296,80.83,81.661,sell,293608736
1750592189296,80.84,22.439,buy,293608737
1750592189296,80.85,9.67,buy,293608738
1750592191204,80.85,1.152,buy,293608739
1750592196050,80.85,0.264,sell,293608740
1750592198805,80.86,1.181,buy,293608741
1750592199130,80.86,1.181,buy,293608742
1750592199149,80.86,0.813,buy,293608743
1750592206113,80.86,5.664,sell,293608744
1750592206121,80.86,1.32,buy,293608745
1750592207000,80.85,0.26,sell,293608746
1750592207002,80.85,0.065,sell,293608747
1750592208977,80.85,0.501,buy,293608748
1750592210843,80.84,0.249,sell,293608749
1750592210942,80.85,1.549,buy,293608750
1750592210961,80.85,1.181,buy,293608751
1750592211016,80.86,1.181,buy,293608752
1750592211941,80.86,0.255,sell,293608753
1750592216775,80.87,1.299,buy,293608754
1750592220538,80.87,1.384,buy,293608755
1750592222325,80.86,0.9,sell,293608756
1750592222327,80.86,0.065,sell,293608757
1750592222327,80.85,0.416,sell,293608758
1750592224026,80.87,4.567,buy,293608759
1750592224107,80.88,0.162,buy,293608760
1750592224120,80.89,1.181,buy,293608761
1750592225444,80.88,0.195,sell,293608762
1750592225446,80.88,0.13,sell,293608763
1750592225679,80.87,0.325,sell,293608764
1750592225717,80.86,0.418,sell,293608765
1750592225717,80.85,0.034,sell,293608766
1750592226842,80.86,0.482,sell,293608767
1750592227459,80.86,0.427,sell,293608768
1750592227749,80.86,0.276,sell,293608769
1750592230277,80.86,0.277,sell,293608770
1750592230639,80.86,0.305,sell,293608771
1750592231261,80.86,0.427,sell,293608772
1750592232129,80.86,0.42,sell,293608773
1750592232446,80.86,0.414,sell,293608774
1750592232734,80.86,0.407,sell,293608775
1750592233213,80.86,0.401,sell,293608776
1750592233664,80.86,0.394,sell,293608777
1750592235164,80.86,0.388,sell,293608778
1750592237978,80.86,0.13,sell,293608779
1750592237978,80.85,0.22,sell,293608780
1750592239433,80.86,9.302,buy,293608781
1750592239494,80.87,0.093,buy,293608782
1750592239546,80.87,0.993,sell,293608783
1750592245440,80.87,0.578,sell,293608784
1750592245442,80.87,0.065,sell,293608785
1750592248095,80.86,0.325,sell,293608786
1750592249277,80.86,0.725,buy,293608787
1750592249448,80.86,0.455,buy,293608788
1750592251567,80.85,0.239,sell,293608789
1750592251569,80.85,0.065,sell,293608790
1750592251570,80.84,8.274,sell,293608791
1750592254503,80.84,0.613,sell,293608792
1750592255138,80.84,0.286,sell,293608793
1750592255139,80.84,0.242,sell,293608794
1750592256304,80.85,0.247,buy,293608795
1750592256799,80.85,0.972,buy,293608796
1750592267954,80.85,1.48,buy,293608797
1750592271565,80.86,0.383,sell,293608798
1750592272041,80.87,2.83,buy,293608799
1750592272632,80.86,0.293,sell,293608800
1750592272836,80.87,0.069,buy,293608801
1750592273834,80.88,0.069,buy,293608802
1750592275037,80.89,0.068,buy,293608803
1750592275143,80.89,0.449,sell,293608804
1750592275433,80.89,0.443,sell,293608805
1750592277780,80.89,0.195,sell,293608806
1750592278297,80.88,0.325,sell,293608807
1750592278299,80.87,0.337,sell,293608808
1750592278699,80.87,0.242,sell,293608809
1750592280280,80.87,0.148,sell,293608810
1750592280322,80.87,1.04,buy,293608811
1750592280324,80.86,0.311,sell,293608812
1750592280962,80.89,0.068,buy,293608813
1750592283143,80.9,1.725,buy,293608814
1750592284001,80.9,0.618,buy,293608815
1750592284467,80.9,11.3,buy,293608816
1750592284551,80.91,0.068,buy,293608817
1750592287523,80.91,0.135,sell,293608818
1750592287881,80.91,0.49,sell,293608819
1750592288245,80.91,0.127,sell,293608820
1750592292159,80.91,0.698,sell,293608821
1750592293356,80.91,3.307,buy,293608822
1750592294523,80.9,0.325,sell,293608823
1750592294687,80.89,0.325,sell,293608824
1750592298214,80.89,0.877,buy,293608825
1750592299687,80.88,0.394,sell,293608826
1750592301065,80.88,0.061,buy,293608827
1750592301564,80.87,0.325,sell,293608828
1750592301564,80.86,0.286,sell,293608829
1750592302835,80.87,0.104,buy,293608830
1750592302930,80.87,0.45,sell,293608831
1750592303241,80.87,0.443,sell,293608832
1750592303530,80.87,0.436,sell,293608833
1750592303831,80.87,0.429,sell,293608834
1750592304257,80.87,0.423,sell,293608835
1750592304737,80.87,0.416,sell,293608836
1750592304940,80.87,0.127,sell,293608837
1750592305166,80.87,0.232,sell,293608838
1750592305242,80.87,0.404,sell,293608839
1750592306146,80.87,0.397,sell,293608840
1750592306744,80.87,0.391,sell,293608841
1750592307131,80.87,0.385,sell,293608842
1750592307555,80.88,0.202,buy,293608843
1750592308241,80.87,0.26,sell,293608844
1750592311959,80.87,6.182,buy,293608845
1750592313844,80.86,0.25,sell,293608846
1750592314486,80.87,1.018,buy,293608847
1750592317334,80.86,0.256,sell,293608848
1750592318312,80.87,0.259,buy,293608849
1750592318314,80.87,0.001,buy,293608850
1750592319155,80.87,0.074,sell,293608851
1750592319172,80.87,0.086,sell,293608852
1750592320831,80.88,0.26,buy,293608853
1750592321479,80.89,0.195,buy,293608854
1750592321479,80.9,2.115,buy,293608855
1750592323009,80.9,0.195,buy,293608856
1750592323022,80.91,0.707,buy,293608857
1750592325849,80.91,0.259,buy,293608858
1750592326028,80.91,0.132,buy,293608859
1750592340867,80.9,2.433,sell,293608860
1750592347237,80.9,0.089,sell,293608861
1750592351775,80.91,1.181,buy,293608862
1750592351777,80.91,0.014,buy,293608863
1750592353014,80.92,0.393,buy,293608864
1750592353028,80.93,1.181,buy,293608865
1750592355634,80.93,0.195,buy,293608866
1750592355634,80.94,0.113,buy,293608867
1750592361628,80.94,0.28,buy,293608868
1750592361628,80.95,0.266,buy,293608869
1750592362692,80.94,13,sell,293608870
1750592363982,80.94,1.398,sell,293608871
1750592364811,80.94,0.195,buy,293608872
1750592364815,80.95,1.181,buy,293608873
1750592365214,80.95,0.26,buy,293608874
1750592365214,80.96,0.921,buy,293608875
1750592366408,80.96,0.293,buy,293608876
1750592366860,80.95,0.163,sell,293608877
1750592367008,80.96,0.069,buy,293608878
1750592369061,80.96,0.761,buy,293608879
1750592370956,80.96,1.3,buy,293608880
1750592372466,80.96,2.573,buy,293608881
1750592372650,80.96,0.154,buy,293608882
1750592374306,80.96,0.175,buy,293608883
1750592375995,80.96,0.303,buy,293608884
1750592379913,80.97,0.393,buy,293608885
1750592379913,80.98,0.312,buy,293608886
1750592384500,80.98,0.279,buy,293608887
1750592385021,80.98,0.435,buy,293608888
1750592388512,80.97,0.215,sell,293608889
1750592388576,80.97,1.431,sell,293608890
1750592388576,80.96,1.353,sell,293608891
1750592388582,80.97,0.478,buy,293608892
1750592389919,80.97,0.069,buy,293608893
1750592395638,80.96,0.148,sell,293608894
1750592395644,80.96,0.31,sell,293608895
1750592399070,80.96,1.799,sell,293608896
1750592399415,80.97,0.38,buy,293608897
1750592399417,80.97,0.167,buy,293608898
1750592403020,80.98,0.123,buy,293608899
1750592405762,80.98,0.136,buy,293608900
1750592408406,80.98,0.251,buy,293608901
1750592411139,80.97,0.144,sell,293608902
1750592411242,80.98,0.556,buy,293608903
1750592419367,80.98,1.34,buy,293608904
1750592420058,80.98,0.862,buy,293608905
1750592420692,80.97,0.285,sell,293608906
1750592423958,80.98,0.247,buy,293608907
1750592423959,80.98,0.078,buy,293608908
1750592424598,80.99,0.137,buy,293608909
1750592427076,80.98,0.235,sell,293608910
1750592431190,80.99,0.321,buy,293608911
1750592432190,81,1.005,buy,293608912
1750592433542,80.99,1.59,sell,293608913
1750592434240,81,0.173,buy,293608914
1750592436828,81,0.592,buy,293608915
1750592438102,81,10.242,buy,293608916
1750592438103,81,0.065,buy,293608917
1750592438405,81.01,0.393,buy,293608918
1750592438405,81.02,1.001,buy,293608919
1750592438458,81.02,0.369,buy,293608920
1750592438556,81.01,3.164,sell,293608921
1750592439218,81.02,0.452,buy,293608922
1750592440619,81.01,1.569,sell,293608923
1750592441111,81,0.195,sell,293608924
1750592441207,80.99,0.614,sell,293608925
1750592441519,80.99,0.093,buy,293608926
1750592445155,80.99,0.077,buy,293608927
1750592445956,80.99,0.07,buy,293608928
1750592447472,80.98,0.615,sell,293608929
1750592450777,80.97,0.58,sell,293608930
1750592451541,80.96,0.393,sell,293608931
1750592452196,80.95,3.558,sell,293608932
1750592452756,80.94,0.368,sell,293608933
1750592455596,80.95,0.136,buy,293608934
1750592455794,80.94,11.375,sell,293608935
1750592456107,80.94,0.197,sell,293608936
1750592456903,80.95,0.137,buy,293608937
1750592457301,80.95,0.926,buy,293608938
1750592458411,80.95,0.123,buy,293608939
1750592459093,80.95,2.468,buy,293608940
1750592459541,80.94,0.13,sell,293608941
1750592460548,80.93,0.628,sell,293608942
1750592461928,80.93,1.8,sell,293608943
1750592461929,80.93,0.058,sell,293608944
1750592462417,80.92,0.39,sell,293608945
1750592462423,80.92,0.13,sell,293608946
1750592464120,80.91,0.393,sell,293608947
1750592464120,80.9,0.238,sell,293608948
1750592464794,80.9,0.26,sell,293608949
1750592465024,80.89,0.393,sell,293608950
1750592466576,80.88,0.33,sell,293608951
1750592466578,80.88,0.064,sell,293608952
1750592466645,80.88,0.668,buy,293608953
1750592468120,80.87,0.394,sell,293608954
1750592473378,80.87,1.851,buy,293608955
1750592473702,80.87,1.276,buy,293608956
1750592474230,80.87,0.112,buy,293608957
1750592475582,80.87,8.264,buy,293608958
1750592475583,80.87,14.508,buy,293608959
1750592475602,80.88,0.093,buy,293608960
1750592476067,80.9,0.314,sell,293608961
1750592478053,80.92,0.798,buy,293608962
1750592480859,80.92,0.842,buy,293608963
1750592486435,80.92,1.386,buy,293608964
1750592486605,80.92,1.3,buy,293608965
1750592488067,80.92,0.068,buy,293608966
1750592488163,80.93,0.093,buy,293608967
1750592488270,80.94,1.088,buy,293608968
1750592488454,80.94,0.472,sell,293608969
1750592489232,80.95,0.473,sell,293608970
1750592491948,80.96,1.374,buy,293608971
1750592492558,80.95,0.833,sell,293608972
1750592492558,80.94,0.136,sell,293608973
1750592499601,80.95,0.1,buy,293608974
1750592512297,80.96,0.42,buy,293608975
1750592517231,80.97,0.068,buy,293608976
1750592517231,80.98,0.827,buy,293608977
1750592517234,80.98,0.068,buy,293608978
1750592517341,80.97,0.392,sell,293608979
1750592517634,80.97,0.385,sell,293608980
1750592517941,80.97,0.379,sell,293608981
1750592518240,80.97,0.373,sell,293608982
1750592520800,80.98,0.952,buy,293608983
1750592522870,80.97,0.279,sell,293608984
1750592523189,80.97,0.277,sell,293608985
1750592523206,80.97,4.864,sell,293608986
1750592523972,80.98,4.299,buy,293608987
1750592528058,80.97,0.504,sell,293608988
1750592528241,80.97,0.313,sell,293608989
1750592528911,80.98,0.481,buy,293608990
1750592530777,80.98,1.078,buy,293608991
1750592531796,80.98,0.432,buy,293608992
1750592532065,80.98,2.71,buy,293608993
1750592534444,80.98,0.81,buy,293608994
1750592535081,80.97,0.647,sell,293608995
1750592535090,80.97,0.476,buy,293608996
1750592535102,80.96,1.181,sell,293608997
1750592535453,80.96,0.278,sell,293608998
1750592535741,80.96,0.276,sell,293608999
1750592536041,80.96,0.271,sell,293609000
1750592536214,80.96,0.13,sell,293609001
1750592536225,80.95,1.181,sell,293609002
1750592536724,80.95,0.279,sell,293609003
1750592537040,80.95,0.276,sell,293609004
1750592537332,80.95,0.272,sell,293609005
1750592537849,80.95,0.268,sell,293609006
1750592538243,80.95,0.264,sell,293609007
1750592538543,80.95,0.259,sell,293609008
1750592538829,80.95,0.255,sell,293609009
1750592539904,80.95,0.13,sell,293609010
1750592540698,80.95,0.125,buy,293609011
1750592541008,80.94,0.393,sell,293609012
1750592541095,80.93,0.486,sell,293609013
1750592544694,80.93,0.457,buy,293609014
1750592545253,80.93,1.003,buy,293609015
1750592545752,80.92,28.32,sell,293609016
1750592545752,80.91,44.18,sell,293609017
1750592547105,80.93,0.37,buy,293609018
1750592547755,80.92,0.111,sell,293609019
1750592548908,80.94,0.093,buy,293609020
1750592549419,80.94,0.195,sell,293609021
1750592549447,80.93,0.118,sell,293609022
1750592549609,80.93,0.156,sell,293609023
1750592550338,80.93,0.325,sell,293609024
1750592550433,80.92,0.26,sell,293609025
1750592552135,80.92,0.295,sell,293609026
1750592552136,80.92,0.065,sell,293609027
1750592552141,80.92,0.296,buy,293609028
1750592552759,80.91,0.325,sell,293609029
1750592557187,80.9,0.393,sell,293609030
1750592557287,80.89,0.718,sell,293609031
1750592558879,80.9,0.193,buy,293609032
1750592559355,80.89,0.107,sell,293609033
1750592562945,80.9,3.094,buy,293609034
1750592564378,80.89,0.183,sell,293609035
1750592564507,80.89,0.1,sell,293609036
1750592564576,80.89,0.777,buy,293609037
1750592569503,80.89,0.494,buy,293609038
1750592574234,80.88,13.191,sell,293609039
1750592577011,80.89,0.228,buy,293609040
1750592577011,80.9,0.732,buy,293609041
1750592577180,80.9,0.122,buy,293609042
1750592578603,80.9,1.94,buy,293609043
1750592579368,80.91,0.154,buy,293609044
1750592581531,80.91,0.068,buy,293609045
1750592582587,80.92,0.351,buy,293609046
1750592589859,80.92,0.385,buy,293609047
1750592590541,80.92,0.617,sell,293609048
1750592590955,80.92,0.071,sell,293609049
1750592591484,80.92,1.793,sell,293609050
1750592598396,80.91,0.128,sell,293609051
1750592598691,80.91,0.113,sell,293609052
1750592604812,80.92,0.314,sell,293609053
1750592607989,80.93,0.096,buy,293609054
1750592608793,80.93,0.085,buy,293609055
1750592610016,80.93,0.269,buy,293609056
1750592614918,80.94,0.247,buy,293609057
1750592616645,80.93,0.353,sell,293609058
1750592617631,80.92,2.004,sell,293609059
1750592618355,80.91,2.191,sell,293609060
1750592620970,80.91,0.338,buy,293609061
1750592624151,80.91,0.863,buy,293609062
