timestamp,price,quantity,side,tradeId
1750525200138,82.73,11.503,sell,293530488
1750525200138,82.72,34.334,sell,293530489
1750525201182,82.72,1.181,buy,293530490
1750525201205,82.72,1.181,buy,293530491
1750525201213,82.72,1.181,buy,293530492
1750525201226,82.72,1.181,buy,293530493
1750525201234,82.72,1.181,buy,293530494
1750525201258,82.72,1.181,buy,293530495
1750525201272,82.72,1.181,buy,293530496
1750525201272,82.72,0.692,buy,293530497
1750525201438,82.72,62.239,buy,293530498
1750525201438,82.72,43.997,buy,293530499
1750525201438,82.72,39.148,buy,293530500
1750525201438,82.72,11.431,buy,293530501
1750525201439,82.72,21.189,buy,293530502
1750525201439,82.72,15.51,buy,293530503
1750525201528,82.73,0.122,buy,293530504
1750525203009,82.74,1.181,buy,293530505
1750525203088,82.74,1.181,buy,293530506
1750525203200,82.74,0.064,buy,293530507
1750525204193,82.75,0.259,buy,293530508
1750525205997,82.75,1.181,buy,293530509
1750525206121,82.75,1.316,buy,293530510
1750525206172,82.75,8.319,buy,293530511
1750525206182,82.75,7.045,sell,293530512
1750525206571,82.75,15.78,sell,293530513
1750525206571,82.75,2.058,sell,293530514
1750525206571,82.74,3.987,sell,293530515
1750525206588,82.74,5.2,sell,293530516
1750525206590,82.74,6.892,sell,293530517
1750525206600,82.74,7.359,sell,293530518
1750525206602,82.73,6.473,sell,293530519
1750525206602,82.73,4.388,sell,293530520
1750525206604,82.73,0.265,sell,293530521
1750525206606,82.72,3.613,sell,293530522
1750525206606,82.71,2.433,sell,293530523
1750525206661,82.71,2.418,sell,293530524
1750525206693,82.71,0.19,sell,293530525
1750525206693,82.7,3.81,sell,293530526
1750525206811,82.71,1.329,buy,293530527
1750525206862,82.71,11.942,buy,293530528
1750525206868,82.72,7.22,buy,293530529
1750525207012,82.72,14.055,buy,293530530
1750525207168,82.73,0.121,buy,293530531
1750525207209,82.74,0.216,buy,293530532
1750525207282,82.75,0.091,buy,293530533
1750525208011,82.76,2.416,buy,293530534
1750525209194,82.76,4.76,buy,293530535
1750525209195,82.77,34.06,buy,293530536
1750525209200,82.77,3.131,sell,293530537
1750525209268,82.78,0.273,buy,293530538
1750525209589,82.79,0.252,buy,293530539
1750525214102,82.8,0.483,buy,293530540
1750525214312,82.8,2.046,buy,293530541
1750525215386,82.8,0.18,buy,293530542
1750525216712,82.79,0.25,sell,293530543
1750525217748,82.79,0.192,sell,293530544
1750525218527,82.79,0.527,buy,293530545
1750525223807,82.78,0.857,sell,293530546
1750525224099,82.79,0.736,buy,293530547
1750525224526,82.78,0.916,sell,293530548
1750525224600,82.77,0.5,sell,293530549
1750525227904,82.76,0.84,sell,293530550
1750525229366,82.77,0.362,buy,293530551
1750525230496,82.76,0.82,sell,293530552
1750525231816,82.77,1.043,buy,293530553
1750525232087,82.76,1.104,sell,293530554
1750525232281,82.76,0.144,buy,293530555
1750525233055,82.76,0.158,buy,293530556
1750525233382,82.76,0.508,buy,293530557
1750525233530,82.76,0.642,buy,293530558
1750525236748,82.76,0.464,buy,293530559
1750525244231,82.76,0.844,buy,293530560
1750525245823,82.75,0.5,sell,293530561
1750525246955,82.75,0.119,buy,293530562
1750525246955,82.74,0.096,sell,293530563
1750525247318,82.74,0.471,sell,293530564
1750525249616,82.74,0.144,buy,293530565
1750525250883,82.74,20.854,buy,293530566
1750525250914,82.75,1.181,buy,293530567
1750525250916,82.75,0.212,buy,293530568
1750525251738,82.75,0.252,sell,293530569
1750525252500,82.74,0.501,sell,293530570
1750525252681,82.74,0.12,buy,293530571
1750525253101,82.73,0.567,sell,293530572
1750525253500,82.72,0.628,sell,293530573
1750525257357,82.72,0.213,buy,293530574
1750525257761,82.71,3.358,sell,293530575
1750525260192,82.72,0.265,buy,293530576
1750525264862,82.72,0.097,buy,293530577
1750525265450,82.72,0.781,buy,293530578
1750525270281,82.72,0.062,buy,293530579
1750525271027,82.72,18.459,buy,293530580
1750525271027,82.73,38.206,buy,293530581
1750525271033,82.74,6.045,buy,293530582
1750525271078,82.74,0.604,buy,293530583
1750525271113,82.75,1.181,buy,293530584
1750525271903,82.74,0.121,sell,293530585
1750525272265,82.75,0.121,buy,293530586
1750525273921,82.74,10.746,sell,293530587
1750525275160,82.73,0.423,sell,293530588
1750525276278,82.74,0.261,buy,293530589
1750525277483,82.73,6.228,sell,293530590
1750525279288,82.73,0.274,buy,293530591
1750525282471,82.74,18.311,buy,293530592
1750525282612,82.75,0.121,buy,293530593
1750525284212,82.76,0.649,buy,293530594
1750525286602,82.76,4.749,buy,293530595
1750525289417,82.75,8.906,sell,293530596
1750525290344,82.76,0.188,buy,293530597
1750525290467,82.77,0.819,buy,293530598
1750525292098,82.77,0.252,buy,293530599
1750525292170,82.78,0.95,buy,293530600
1750525294201,82.77,33.322,sell,293530601
1750525295127,82.77,0.481,buy,293530602
1750525296930,82.77,0.917,buy,293530603
1750525298211,82.76,0.75,sell,293530604
1750525298400,82.77,0.064,buy,293530605
1750525299404,82.76,2.409,sell,293530606
1750525301387,82.76,0.176,sell,293530607
1750525302072,82.76,0.314,buy,293530608
1750525304148,82.76,0.915,buy,293530609
1750525305591,82.76,1.156,buy,293530610
1750525307157,82.76,2.036,buy,293530611
1750525307283,82.75,1.601,sell,293530612
1750525309500,82.74,0.314,sell,293530613
1750525309599,82.74,0.241,buy,293530614
1750525311981,82.74,14.026,buy,293530615
1750525314350,82.74,0.064,buy,293530616
1750525314350,82.75,0.189,buy,293530617
1750525314907,82.75,2.708,buy,293530618
1750525315187,82.75,0.121,buy,293530619
1750525317784,82.75,0.102,sell,293530620
1750525318067,82.74,0.121,sell,293530621
1750525318297,82.74,0.36,sell,293530622
1750525318436,82.75,0.753,buy,293530623
1750525318492,82.74,11.188,sell,293530624
1750525322108,82.74,0.121,sell,293530625
1750525324600,82.76,0.33,buy,293530626
1750525324817,82.77,0.121,buy,293530627
1750525325475,82.77,0.061,sell,293530628
1750525325769,82.78,1.406,buy,293530629
1750525326235,82.78,0.137,buy,293530630
1750525326995,82.78,0.612,buy,293530631
1750525327671,82.77,0.116,sell,293530632
1750525329400,82.76,0.185,sell,293530633
1750525329952,82.76,0.253,buy,293530634
1750525330900,82.76,0.064,buy,293530635
1750525333717,82.77,7.224,buy,293530636
1750525334943,82.77,0.121,buy,293530637
1750525339613,82.77,0.07,sell,293530638
1750525341278,82.77,0.134,buy,293530639
1750525342216,82.76,0.088,sell,293530640
1750525342445,82.76,0.118,sell,293530641
1750525343142,82.77,0.12,buy,293530642
1750525343422,82.78,0.185,buy,293530643
1750525343422,82.79,0.165,buy,293530644
1750525345481,82.79,0.067,buy,293530645
1750525346968,82.8,1.71,buy,293530646
1750525347234,82.8,0.302,buy,293530647
1750525348820,82.8,0.151,buy,293530648
1750525348959,82.8,0.098,buy,293530649
1750525350367,82.79,0.997,sell,293530650
1750525350865,82.79,0.658,sell,293530651
1750525351093,82.79,0.361,sell,293530652
1750525351676,82.8,0.272,buy,293530653
1750525352179,82.79,0.855,sell,293530654
1750525352179,82.79,0.302,buy,293530655
1750525353120,82.78,0.207,sell,293530656
1750525353349,82.78,0.3,sell,293530657
1750525353639,82.78,0.692,sell,293530658
1750525356209,82.78,3.067,sell,293530659
1750525357400,82.78,0.181,buy,293530660
1750525359013,82.78,0.151,buy,293530661
1750525361255,82.77,0.253,sell,293530662
1750525361341,82.78,2.079,buy,293530663
1750525361600,82.78,0.064,buy,293530664
1750525361823,82.78,5.03,sell,293530665
1750525365866,82.79,0.121,buy,293530666
1750525366204,82.8,0.447,buy,293530667
1750525367000,82.8,0.064,buy,293530668
1750525367598,82.81,0.188,buy,293530669
1750525368967,82.82,0.313,buy,293530670
1750525373012,82.83,0.253,buy,293530671
1750525373209,82.83,0.186,sell,293530672
1750525375097,82.84,0.604,buy,293530673
1750525375370,82.84,2.528,buy,293530674
1750525375500,82.84,0.869,buy,293530675
1750525375773,82.84,0.673,buy,293530676
1750525376163,82.84,50,buy,293530677
1750525376615,82.83,16.875,sell,293530678
1750525376627,82.83,12.721,sell,293530679
1750525376636,82.83,0.064,sell,293530680
1750525377000,82.82,0.064,sell,293530681
1750525377538,82.81,0.121,sell,293530682
1750525379081,82.81,0.379,buy,293530683
1750525382139,82.82,0.211,buy,293530684
1750525383521,82.82,0.185,buy,293530685
1750525385047,82.83,0.121,buy,293530686
1750525393800,82.84,0.064,buy,293530687
1750525393997,82.85,0.092,buy,293530688
1750525394694,82.84,0.936,sell,293530689
1750525396993,82.84,0.121,sell,293530690
1750525397280,82.84,0.062,sell,293530691
1750525397865,82.84,0.881,sell,293530692
1750525403396,82.85,0.2,buy,293530693
1750525404168,82.85,1.583,buy,293530694
1750525405343,82.84,7.194,sell,293530695
1750525405349,82.84,1.097,buy,293530696
1750525413253,82.84,0.801,buy,293530697
1750525413366,82.84,0.202,buy,293530698
1750525416400,82.84,0.064,buy,293530699
1750525416461,82.85,0.212,buy,293530700
1750525419200,82.84,0.459,sell,293530701
1750525429014,82.83,0.562,sell,293530702
1750525430115,82.82,0.188,sell,293530703
1750525430300,82.81,0.252,sell,293530704
1750525430531,82.8,0.249,sell,293530705
1750525432412,82.8,0.187,buy,293530706
1750525433542,82.8,0.066,buy,293530707
1750525437130,82.8,0.483,buy,293530708
1750525441704,82.8,0.965,buy,293530709
1750525442985,82.8,0.215,buy,293530710
1750525443503,82.8,5,buy,293530711
1750525445204,82.79,0.188,sell,293530712
1750525448827,82.79,1.265,buy,293530713
1750525460733,82.79,0.24,buy,293530714
1750525467955,82.79,0.313,buy,293530715
1750525468055,82.78,0.094,sell,293530716
1750525469294,82.78,6.196,sell,293530717
1750525469700,82.77,0.644,sell,293530718
1750525472539,82.76,20.207,sell,293530719
1750525481009,82.76,0.882,buy,293530720
1750525482139,82.76,1.173,buy,293530721
1750525482342,82.77,0.121,buy,293530722
1750525482568,82.78,3.684,buy,293530723
1750525483492,82.79,1.208,buy,293530724
1750525483494,82.79,0.134,buy,293530725
1750525488812,82.79,0.5,sell,293530726
1750525490015,82.8,7.733,buy,293530727
1750525490126,82.81,0.121,buy,293530728
1750525490138,82.82,1.71,buy,293530729
1750525490795,82.82,0.378,buy,293530730
1750525492500,82.81,0.064,sell,293530731
1750525493324,82.8,0.121,sell,293530732
1750525494835,82.79,0.167,sell,293530733
1750525502100,82.8,0.718,buy,293530734
1750525502100,82.81,0.489,buy,293530735
1750525503149,82.8,0.224,sell,293530736
1750525507548,82.8,0.646,buy,293530737
1750525508459,82.79,0.371,sell,293530738
1750525509796,82.79,0.125,sell,293530739
1750525513116,82.8,1.123,buy,293530740
1750525513744,82.8,0.679,buy,293530741
1750525515692,82.8,21.385,buy,293530742
1750525515692,82.81,15.219,buy,293530743
1750525520733,82.8,0.672,buy,293530744
1750525523303,82.81,0.185,buy,293530745
1750525523382,82.82,0.273,buy,293530746
1750525524009,82.82,43.461,sell,293530747
1750525524009,82.81,22.415,sell,293530748
1750525524200,82.82,0.189,buy,293530749
1750525525376,82.82,22.054,sell,293530750
1750525527199,82.82,16.984,sell,293530751
1750525527244,82.81,0.212,sell,293530752
1750525527500,82.8,0.246,sell,293530753
1750525528739,82.79,0.121,sell,293530754
1750525531780,82.78,2.636,sell,293530755
1750525535808,82.79,0.1,buy,293530756
1750525539494,82.79,0.905,buy,293530757
1750525541614,82.8,0.135,buy,293530758
1750525542991,82.8,0.485,buy,293530759
1750525544325,82.8,0.274,buy,293530760
1750525545023,82.79,0.672,sell,293530761
1750525551622,82.79,1.801,sell,293530762
1750525555058,82.79,3.693,sell,293530763
1750525555912,82.8,0.483,buy,293530764
1750525556279,82.8,0.483,buy,293530765
1750525557294,82.79,0.142,sell,293530766
1750525559867,82.8,0.421,buy,293530767
1750525560607,82.8,0.427,buy,293530768
1750525563003,82.8,0.121,buy,293530769
1750525564700,82.81,0.185,buy,293530770
1750525565753,82.82,0.121,buy,293530771
1750525572907,82.82,0.408,sell,293530772
1750525573086,82.82,0.323,buy,293530773
1750525574803,82.82,1.569,buy,293530774
1750525575711,82.82,0.682,buy,293530775
1750525578234,82.83,0.771,buy,293530776
1750525578234,82.83,0.247,buy,293530777
1750525578943,82.83,0.064,buy,293530778
1750525578943,82.84,1.059,buy,293530779
1750525582096,82.84,1.433,buy,293530780
1750525582172,82.83,23.041,sell,293530781
1750525582172,82.82,47.324,sell,293530782
1750525582172,82.81,69.935,sell,293530783
1750525582840,82.81,0.892,buy,293530784
1750525583206,82.81,0.121,buy,293530785
1750525584607,82.81,0.167,buy,293530786
1750525585953,82.81,0.558,buy,293530787
1750525586509,82.8,0.188,sell,293530788
1750525587900,82.79,0.185,sell,293530789
1750525588455,82.78,0.075,sell,293530790
1750525588812,82.78,0.251,sell,293530791
1750525589004,82.78,0.354,buy,293530792
1750525592023,82.77,0.252,sell,293530793
1750525594806,82.77,0.132,buy,293530794
1750525595054,82.77,0.21,buy,293530795
1750525597300,82.78,0.185,buy,293530796
1750525599177,82.78,68.531,sell,293530797
1750525599177,82.77,114.044,sell,293530798
1750525599177,82.76,52.277,sell,293530799
1750525599177,82.75,152.14,sell,293530800
1750525599179,82.75,19.738,buy,293530801
1750525599180,82.75,0.127,buy,293530802
1750525599180,82.75,2.29,buy,293530803
1750525599214,82.74,1.168,sell,293530804
1750525599955,82.75,0.093,buy,293530805
1750525599955,82.74,0.143,sell,293530806
1750525600771,82.75,1.181,buy,293530807
1750525601213,82.75,0.956,buy,293530808
1750525601215,82.75,0.225,buy,293530809
1750525601357,82.75,3.879,buy,293530810
1750525601359,82.75,50.625,buy,293530811
1750525601360,82.75,57.526,buy,293530812
1750525601361,82.75,33.75,buy,293530813
1750525601361,82.75,4.537,buy,293530814
1750525601361,82.75,13.818,buy,293530815
1750525601367,82.76,5.598,buy,293530816
1750525601367,82.77,0.445,buy,293530817
1750525601372,82.77,0.212,buy,293530818
1750525601875,82.77,46.638,sell,293530819
1750525601875,82.76,90.633,sell,293530820
1750525601921,82.77,0.739,buy,293530821
1750525602811,82.77,0.739,buy,293530822
1750525603300,82.77,0.352,sell,293530823
1750525603900,82.78,0.185,buy,293530824
1750525605393,82.79,0.083,buy,293530825
1750525606370,82.79,27.492,buy,293530826
1750525606370,82.8,30.467,buy,293530827
1750525607265,82.8,0.182,buy,293530828
1750525609622,82.81,0.55,buy,293530829
1750525612255,82.8,0.081,sell,293530830
1750525614379,82.81,0.301,buy,293530831
1750525619800,82.81,1.434,buy,293530832
1750525621237,82.81,2.3,buy,293530833
1750525621374,82.81,0.835,buy,293530834
1750525622503,82.82,2.319,buy,293530835
1750525624832,82.82,1.623,buy,293530836
1750525627889,82.82,0.253,buy,293530837
1750525630633,82.82,6.226,sell,293530838
1750525630635,82.82,0.063,sell,293530839
1750525630635,82.81,42.081,sell,293530840
1750525631024,82.81,1.473,buy,293530841
1750525631504,82.8,0.119,sell,293530842
1750525634751,82.81,0.405,sell,293530843
1750525636696,82.82,1.223,buy,293530844
1750525636814,82.82,0.241,buy,293530845
1750525637712,82.81,0.278,sell,293530846
1750525639095,82.81,0.146,sell,293530847
1750525642742,82.82,0.097,buy,293530848
1750525643805,82.82,0.446,buy,293530849
1750525647197,82.81,0.119,sell,293530850
1750525650204,82.82,0.202,buy,293530851
1750525650280,82.82,0.189,sell,293530852
1750525650345,82.82,0.148,buy,293530853
1750525651996,82.82,0.811,buy,293530854
1750525654425,82.82,0.185,buy,293530855
1750525654942,82.82,0.452,buy,293530856
1750525658325,82.82,0.404,buy,293530857
1750525659966,82.81,4.29,sell,293530858
1750525667958,82.82,0.967,sell,293530859
1750525668698,82.82,0.444,sell,293530860
1750525669622,82.83,0.154,buy,293530861
1750525670427,82.83,5.645,buy,293530862
1750525670427,82.84,74.355,buy,293530863
1750525671679,82.84,0.152,buy,293530864
1750525672872,82.83,0.252,sell,293530865
1750525673202,82.82,0.5,sell,293530866
1750525673484,82.82,0.12,buy,293530867
1750525673900,82.81,0.837,sell,293530868
1750525674795,82.81,0.701,buy,293530869
1750525678075,82.81,0.265,buy,293530870
1750525678457,82.81,1.187,buy,293530871
1750525684093,82.8,0.082,sell,293530872
1750525685369,82.81,0.114,buy,293530873
1750525688504,82.81,4.157,sell,293530874
1750525688977,82.82,1.846,buy,293530875
1750525692421,82.82,0.269,buy,293530876
1750525694515,82.82,0.241,buy,293530877
1750525695847,82.82,0.12,buy,293530878
1750525695906,82.81,2.248,sell,293530879
1750525696286,82.82,1.205,buy,293530880
1750525697997,82.82,0.3,buy,293530881
1750525698279,82.82,0.121,buy,293530882
1750525700310,82.82,0.121,buy,293530883
1750525700700,82.83,0.185,buy,293530884
1750525703466,82.84,0.626,buy,293530885
1750525707955,82.84,0.105,buy,293530886
1750525709996,82.84,0.089,buy,293530887
1750525711709,82.83,0.317,sell,293530888
1750525715707,82.84,0.138,buy,293530889
1750525717987,82.84,2.495,buy,293530890
1750525719655,82.83,0.115,sell,293530891
1750525719853,82.83,1.716,sell,293530892
1750525721511,82.84,1.344,buy,293530893
1750525725095,82.83,2.703,sell,293530894
1750525726083,82.84,1.028,buy,293530895
1750525727905,82.84,2.951,buy,293530896
1750525729237,82.84,1.438,buy,293530897
1750525737084,82.83,6.606,sell,293530898
1750525737801,82.82,0.5,sell,293530899
1750525738173,82.81,0.5,sell,293530900
1750525738363,82.8,0.549,sell,293530901
1750525738433,82.79,21.723,sell,293530902
1750525738434,82.79,0.063,sell,293530903
1750525738778,82.78,0.628,sell,293530904
1750525738823,82.77,0.247,sell,293530905
1750525740418,82.77,1.735,buy,293530906
1750525741483,82.76,0.315,sell,293530907
1750525741588,82.75,0.247,sell,293530908
1750525742894,82.75,0.472,buy,293530909
1750525749635,82.76,0.513,buy,293530910
1750525750211,82.76,0.085,buy,293530911
1750525754979,82.76,0.531,buy,293530912
1750525755078,82.76,3.955,buy,293530913
1750525755138,82.77,0.212,buy,293530914
1750525757200,82.78,0.185,buy,293530915
1750525757827,82.79,0.828,buy,293530916
1750525758106,82.78,66.162,sell,293530917
1750525758106,82.77,54.64,sell,293530918
1750525758106,82.78,0.076,buy,293530919
1750525760497,82.77,0.856,sell,293530920
1750525760705,82.78,1.258,buy,293530921
1750525761220,82.78,44.59,sell,293530922
1750525761220,82.77,76.212,sell,293530923
1750525761670,82.78,0.717,buy,293530924
1750525763622,82.78,0.06,buy,293530925
1750525764621,82.77,45.71,sell,293530926
1750525764621,82.76,65.208,sell,293530927
1750525768032,82.78,0.226,buy,293530928
1750525769200,82.78,0.392,buy,293530929
1750525769921,82.79,0.121,buy,293530930
1750525774429,82.8,0.144,buy,293530931
1750525775312,82.8,0.242,buy,293530932
1750525775779,82.8,0.133,buy,293530933
1750525778306,82.79,0.239,sell,293530934
1750525778311,82.79,0.649,sell,293530935
1750525780319,82.8,0.444,buy,293530936
1750525783247,82.79,0.257,sell,293530937
1750525785546,82.8,0.074,buy,293530938
1750525785604,82.79,0.333,sell,293530939
1750525788225,82.79,0.422,sell,293530940
1750525788541,82.8,0.121,buy,293530941
1750525791093,82.8,6.186,sell,293530942
1750525791835,82.8,0.614,buy,293530943
1750525791874,82.8,0.216,buy,293530944
1750525792499,82.79,1.205,sell,293530945
1750525794504,82.79,0.182,sell,293530946
1750525799304,82.8,0.599,buy,293530947
1750525799542,82.8,0.273,buy,293530948
1750525802820,82.79,0.096,sell,293530949
1750525805535,82.8,0.291,buy,293530950
1750525810224,82.8,0.3,buy,293530951
1750525820096,82.8,0.17,buy,293530952
1750525820406,82.8,0.302,buy,293530953
1750525822492,82.81,0.145,buy,293530954
1750525822642,82.8,0.238,sell,293530955
1750525824589,82.8,0.347,sell,293530956
1750525824900,82.81,0.185,buy,293530957
1750525826603,82.82,2.727,buy,293530958
1750525827042,82.83,0.193,buy,293530959
1750525828603,82.81,0.276,sell,293530960
1750525830242,82.8,0.101,sell,293530961
1750525831506,82.81,0.127,buy,293530962
1750525832753,82.81,0.253,buy,293530963
1750525834799,82.8,0.121,sell,293530964
1750525835892,82.79,1.551,sell,293530965
1750525843605,82.79,0.157,sell,293530966
1750525843697,82.78,6.442,sell,293530967
1750525843981,82.77,0.188,sell,293530968
1750525845555,82.76,0.148,sell,293530969
1750525848275,82.77,2.4,buy,293530970
1750525848288,82.77,0.128,buy,293530971
1750525849704,82.78,0.632,buy,293530972
1750525849904,82.78,0.485,buy,293530973
1750525849912,82.77,0.359,sell,293530974
1750525850400,82.78,0.185,buy,293530975
1750525851130,82.78,3.128,sell,293530976
1750525852605,82.79,0.522,buy,293530977
1750525854210,82.79,0.243,buy,293530978
1750525855541,82.79,1.012,buy,293530979
1750525858256,82.79,0.261,buy,293530980
1750525858911,82.79,0.121,buy,293530981
1750525859899,82.8,1.181,buy,293530982
1750525860774,82.8,1.395,buy,293530983
1750525862284,82.8,9.299,buy,293530984
1750525862858,82.8,0.362,buy,293530985
1750525865182,82.8,2.651,buy,293530986
1750525866996,82.79,0.232,sell,293530987
1750525868511,82.8,0.266,buy,293530988
1750525869866,82.8,0.3,buy,293530989
1750525875812,82.8,0.202,buy,293530990
1750525877378,82.8,0.129,buy,293530991
1750525879983,82.79,6.217,sell,293530992
1750525880088,82.78,0.249,sell,293530993
1750525884736,82.78,0.24,buy,293530994
1750525886853,82.78,0.193,buy,293530995
1750525887642,82.78,0.377,buy,293530996
1750525889570,82.78,1.1,buy,293530997
1750525889964,82.77,1.162,sell,293530998
1750525892458,82.78,0.686,buy,293530999
1750525892722,82.78,0.604,buy,293531000
1750525892881,82.78,0.06,buy,293531001
1750525893598,82.77,5.193,sell,293531002
1750525894749,82.76,0.828,sell,293531003
1750525895496,82.76,0.724,buy,293531004
1750525903098,82.76,0.076,buy,293531005
1750525903878,82.77,1.208,buy,293531006
1750525905425,82.77,0.154,buy,293531007
1750525905545,82.77,2.256,buy,293531008
1750525906513,82.76,6.104,sell,293531009
1750525906614,82.75,0.188,sell,293531010
1750525910802,82.75,13.177,buy,293531011
1750525911094,82.76,0.228,buy,293531012
1750525913577,82.76,0.259,buy,293531013
1750525917263,82.76,0.314,buy,293531014
1750525917813,82.76,0.358,buy,293531015
1750525918823,82.76,0.308,buy,293531016
1750525920421,82.75,0.133,sell,293531017
1750525922799,82.76,0.274,buy,293531018
1750525924300,82.75,0.478,sell,293531019
1750525925904,82.74,17.825,sell,293531020
1750525925904,82.73,52.402,sell,293531021
1750525925904,82.72,50.633,sell,293531022
1750525926513,82.73,0.295,buy,293531023
1750525927495,82.74,0.246,buy,293531024
1750525927563,82.75,0.212,buy,293531025
1750525929017,82.75,53.776,sell,293531026
1750525929017,82.74,67.084,sell,293531027
1750525932366,82.76,0.75,buy,293531028
1750525932385,82.75,35.096,sell,293531029
1750525932385,82.74,49.84,sell,293531030
1750525932385,82.73,35.924,sell,293531031
1750525935461,82.74,42.737,sell,293531032
1750525935461,82.73,78.123,sell,293531033
1750525935465,82.74,0.569,buy,293531034
1750525935990,82.74,0.696,buy,293531035
1750525936119,82.74,0.278,buy,293531036
1750525936983,82.74,0.738,buy,293531037
1750525937833,82.74,0.772,buy,293531038
1750525938886,82.73,17.356,sell,293531039
1750525938886,82.72,48.391,sell,293531040
1750525938886,82.71,55.113,sell,293531041
1750525938891,82.72,9.124,buy,293531042
1750525940914,82.74,0.367,buy,293531043
1750525942011,82.73,31.206,sell,293531044
1750525942011,82.72,55.602,sell,293531045
1750525942011,82.71,34.052,sell,293531046
1750525945477,82.72,11.503,sell,293531047
1750525945477,82.71,92.734,sell,293531048
1750525945477,82.7,16.623,sell,293531049
1750525948414,82.72,0.374,buy,293531050
1750525948553,82.71,11.569,sell,293531051
1750525948553,82.7,103.235,sell,293531052
1750525948553,82.69,6.056,sell,293531053
1750525948615,82.7,8.016,buy,293531054
1750525948855,82.7,0.341,buy,293531055
1750525948855,82.69,0.156,sell,293531056
1750525951901,82.69,17.862,sell,293531057
1750525951901,82.68,34.903,sell,293531058
1750525951901,82.67,68.095,sell,293531059
1750525951904,82.67,0.067,sell,293531060
1750525951919,82.68,8.799,buy,293531061
1750525951928,82.68,9.136,buy,293531062
1750525951929,82.68,10.846,buy,293531063
1750525952192,82.68,0.333,buy,293531064
1750525953218,82.68,9.127,buy,293531065
1750525954743,82.68,7.162,buy,293531066
1750525954993,82.68,108.656,sell,293531067
1750525954993,82.67,12.204,sell,293531068
1750525955138,82.68,13.177,buy,293531069
1750525957921,82.69,0.348,buy,293531070
1750525958000,82.69,1.11,buy,293531071
1750525958025,82.7,0.247,buy,293531072
1750525958405,82.7,52.04,sell,293531073
1750525958405,82.69,68.82,sell,293531074
1750525959942,82.71,0.133,buy,293531075
1750525960194,82.71,0.186,buy,293531076
1750525960213,82.72,0.995,buy,293531077
1750525960514,82.72,4.853,buy,293531078
1750525961494,82.71,48.084,sell,293531079
1750525961494,82.7,71.484,sell,293531080
1750525961494,82.69,1.292,sell,293531081
1750525962155,82.71,0.091,buy,293531082
1750525962159,82.71,0.122,buy,293531083
1750525962255,82.71,0.125,sell,293531084
1750525963503,82.71,2.268,sell,293531085
1750525964879,82.71,21.969,sell,293531086
1750525964879,82.7,85.865,sell,293531087
1750525964879,82.69,13.026,sell,293531088
1750525964895,82.7,8.552,buy,293531089
1750525964998,82.7,10.769,buy,293531090
1750525965119,82.7,4.959,buy,293531091
1750525965582,82.71,14.177,buy,293531092
1750525966145,82.72,0.14,buy,293531093
1750525967095,82.71,0.608,sell,293531094
1750525967700,82.72,0.641,buy,293531095
1750525967794,82.72,1.181,buy,293531096
1750525968016,82.71,26.866,sell,293531097
1750525968016,82.7,51.505,sell,293531098
1750525968041,82.71,0.155,buy,293531099
1750525968811,82.71,1.181,buy,293531100
1750525968816,82.71,1.181,buy,293531101
1750525969771,82.71,1.181,buy,293531102
1750525970047,82.71,0.936,buy,293531103
1750525970907,82.71,1.064,buy,293531104
1750525971301,82.71,34.064,buy,293531105
1750525971392,82.72,2.4,buy,293531106
1750525971693,82.72,0.219,buy,293531107
1750525971907,82.72,6.231,buy,293531108
1750525972022,82.73,0.704,buy,293531109
1750525972036,82.73,1.181,buy,293531110
1750525973102,82.73,17.986,buy,293531111
1750525973122,82.74,0.25,buy,293531112
1750525973217,82.75,1.71,buy,293531113
1750525973275,82.75,0.121,buy,293531114
1750525975765,82.75,0.079,sell,293531115
1750525977558,82.76,1.138,buy,293531116
1750525978312,82.76,1.05,buy,293531117
1750525979500,82.76,0.06,buy,293531118
1750525980100,82.76,0.252,buy,293531119
1750525986504,82.77,0.235,buy,293531120
1750525986672,82.77,0.121,buy,293531121
1750525987424,82.78,0.313,buy,293531122
1750525987424,82.79,0.29,buy,293531123
1750525990759,82.78,24.491,sell,293531124
1750525990761,82.78,0.063,sell,293531125
1750525990965,82.77,9.147,sell,293531126
1750525990966,82.77,0.063,sell,293531127
1750525991027,82.76,3.611,sell,293531128
1750525994077,82.75,0.302,sell,293531129
1750525995132,82.76,2.509,buy,293531130
1750525996199,82.76,1.208,buy,293531131
1750525998448,82.76,0.489,buy,293531132
1750525999065,82.76,0.204,buy,293531133
1750525999314,82.75,0.163,sell,293531134
1750525999342,82.76,0.628,buy,293531135
1750526001529,82.76,0.253,buy,293531136
1750526002142,82.76,0.092,buy,293531137
1750526002446,82.76,0.844,buy,293531138
1750526007143,82.76,0.415,buy,293531139
1750526008074,82.75,6.357,sell,293531140
1750526008458,82.75,3.625,buy,293531141
1750526008878,82.75,1.106,buy,293531142
1750526009800,82.75,0.203,buy,293531143
1750526010197,82.75,0.274,buy,293531144
1750526011906,82.75,0.121,buy,293531145
1750526012188,82.74,0.696,sell,293531146
1750526017975,82.75,0.185,buy,293531147
1750526017975,82.76,2.634,buy,293531148
1750526021499,82.76,2.796,buy,293531149
1750526021749,82.76,0.191,buy,293531150
1750526021773,82.76,0.377,buy,293531151
1750526022515,82.76,2.367,buy,293531152
1750526023058,82.76,0.604,buy,293531153
1750526035244,82.76,0.121,buy,293531154
1750526035842,82.76,0.116,sell,293531155
1750526040543,82.76,6.555,sell,293531156
1750526040878,82.76,0.319,buy,293531157
1750526041100,82.75,0.5,sell,293531158
1750526041696,82.75,0.424,buy,293531159
1750526042378,82.75,0.152,buy,293531160
1750526042484,82.75,0.301,buy,293531161
1750526042966,82.74,0.177,sell,293531162
1750526046500,82.75,0.136,buy,293531163
1750526055969,82.75,0.275,sell,293531164
1750526058223,82.76,0.6,buy,293531165
1750526059778,82.76,0.414,buy,293531166
1750526060158,82.76,0.349,buy,293531167
1750526060478,82.76,0.604,buy,293531168
1750526063442,82.76,0.278,buy,293531169
1750526064255,82.76,3.246,buy,293531170
1750526066221,82.76,0.453,sell,293531171
1750526068055,82.77,0.112,buy,293531172
1750526068079,82.77,0.722,buy,293531173
1750526070252,82.77,0.886,buy,293531174
1750526072573,82.76,6.423,sell,293531175
1750526073000,82.75,0.5,sell,293531176
1750526075034,82.75,0.443,buy,293531177
1750526076550,82.74,6.49,sell,293531178
1750526077629,82.74,0.226,buy,293531179
1750526079655,82.73,0.133,sell,293531180
1750526082118,82.74,0.146,buy,293531181
1750526083352,82.74,0.578,buy,293531182
1750526083352,82.75,1.11,buy,293531183
1750526084859,82.75,0.26,buy,293531184
1750526088757,82.75,0.21,buy,293531185
1750526090658,82.75,0.862,buy,293531186
1750526091177,82.75,0.78,buy,293531187
1750526091882,82.75,0.121,buy,293531188
1750526094939,82.75,1.572,sell,293531189
1750526095855,82.75,6.31,sell,293531190
1750526109397,82.74,0.185,sell,293531193
1750526111611,82.75,0.849,buy,293531194
1750526114948,82.75,0.483,buy,293531195
1750526115093,82.74,1.228,sell,293531196
1750526118208,82.74,9.287,sell,293531197
1750526118322,82.73,0.371,sell,293531198
1750526119100,82.74,0.247,buy,293531199
1750526122540,82.75,22.388,buy,293531200
1750526122602,82.74,0.252,sell,293531201
1750526123265,82.73,1.104,sell,293531202
1750526123655,82.72,0.507,sell,293531203
1750526124239,82.71,0.568,sell,293531204
1750526124239,82.7,4.825,sell,293531205
1750526124741,82.7,68.394,sell,293531206
1750526124741,82.69,31.606,sell,293531207
1750526124828,82.69,0.315,sell,293531208
1750526125150,82.69,3.972,buy,293531209
1750526128394,82.68,16.503,sell,293531210
1750526128394,82.68,0.063,sell,293531211
1750526129802,82.67,0.127,sell,293531212
1750526132205,82.68,0.188,buy,293531213
1750526132671,82.68,0.338,buy,293531214
1750526132740,82.67,0.282,sell,293531215
1750526133518,82.67,0.189,sell,293531216
1750526133521,82.67,0.127,buy,293531217
1750526133521,82.67,2.292,buy,293531218
1750526141628,82.66,0.477,sell,293531219
1750526143490,82.68,0.46,buy,293531220
1750526144722,82.67,0.571,sell,293531221
1750526145103,82.67,0.361,sell,293531222
1750526147139,82.68,0.104,buy,293531223
1750526147553,82.67,0.121,sell,293531224
1750526147883,82.67,0.261,sell,293531225
1750526157498,82.68,0.082,buy,293531226
1750526157517,82.69,0.213,buy,293531227
1750526158101,82.7,0.314,buy,293531228
1750526158128,82.71,0.28,buy,293531229
1750526161732,82.72,3.169,buy,293531230
1750526162127,82.72,0.998,buy,293531231
1750526162171,82.72,1.126,buy,293531232
1750526163051,82.71,0.121,sell,293531233
1750526163978,82.72,0.395,buy,293531234
1750526164397,82.72,0.135,buy,293531235
1750526164965,82.72,0.324,buy,293531236
1750526165478,82.72,0.282,buy,293531237
1750526165612,82.72,4.531,buy,293531238
1750526168274,82.72,1.813,buy,293531239
1750526169891,82.72,0.06,buy,293531240
1750526170842,82.72,0.242,buy,293531241
1750526175767,82.72,0.363,sell,293531242
1750526179486,82.72,0.116,sell,293531243
1750526179715,82.72,0.065,sell,293531244
1750526182194,82.73,0.269,buy,293531245
1750526182322,82.72,3.216,sell,293531246
1750526182454,82.73,0.96,buy,293531247
1750526183852,82.73,0.122,buy,293531248
1750526184558,82.74,0.232,buy,293531249
1750526193776,82.74,0.918,buy,293531250
1750526204428,82.73,32.508,sell,293531251
1750526204428,82.73,12.674,sell,293531252
1750526204447,82.72,8.015,sell,293531253
1750526205383,82.72,0.522,buy,293531254
1750526211915,82.72,0.443,buy,293531255
1750526212419,82.72,0.858,buy,293531256
1750526214602,82.72,1.462,buy,293531257
1750526225517,82.72,0.241,buy,293531258
1750526230892,82.72,2.896,buy,293531259
1750526230952,82.73,0.213,buy,293531260
1750526231816,82.73,0.389,sell,293531261
1750526234896,82.74,0.16,buy,293531262
1750526235292,82.74,0.093,buy,293531263
1750526235308,82.75,0.279,buy,293531264
1750526235842,82.76,0.228,buy,293531265
1750526238751,82.76,0.252,buy,293531266
1750526238769,82.77,1.535,buy,293531267
1750526238848,82.77,0.182,buy,293531268
1750526241700,82.78,1.085,buy,293531269
1750526242258,82.78,0.302,buy,293531270
1750526243953,82.78,0.06,buy,293531271
1750526244820,82.77,0.259,sell,293531272
1750526249026,82.77,0.315,sell,293531273
1750526249363,82.77,0.372,buy,293531274
1750526250039,82.77,1.561,buy,293531275
1750526252000,82.76,0.615,sell,293531276
1750526254607,82.76,0.604,buy,293531277
1750526257971,82.76,66.775,buy,293531278
1750526257971,82.77,46.498,buy,293531279
1750526262793,82.77,0.672,buy,293531280
1750526268690,82.76,0.6,sell,293531281
1750526271115,82.77,0.432,buy,293531282
1750526272869,82.77,0.12,buy,293531283
1750526283505,82.78,0.302,buy,293531284
1750526283806,82.78,0.459,buy,293531285
1750526284017,82.77,0.412,sell,293531286
1750526284148,82.77,0.135,sell,293531287
1750526285593,82.78,0.614,buy,293531288
1750526286454,82.78,0.226,buy,293531289
1750526288954,82.77,0.239,sell,293531290
1750526293484,82.78,0.064,buy,293531291
1750526293484,82.79,1.117,buy,293531292
1750526296348,82.79,23.553,buy,293531293
1750526296490,82.79,0.744,buy,293531294
1750526299037,82.8,2.005,buy,293531295
1750526299037,82.81,1.498,buy,293531296
1750526299037,82.81,2.537,buy,293531297
1750526299115,82.81,2.362,buy,293531298
1750526299160,82.81,0.988,sell,293531299
1750526299251,82.82,1.181,buy,293531300
1750526301894,82.82,0.252,buy,293531301
1750526301894,82.83,0.448,buy,293531302
1750526304383,82.83,0.188,buy,293531303
1750526304500,82.84,0.327,buy,293531304
1750526304889,82.84,0.233,buy,293531305
1750526306018,82.84,0.131,buy,293531306
1750526306025,82.85,0.249,buy,293531307
1750526306258,82.86,1.344,buy,293531308
1750526307157,82.86,0.061,buy,293531309
1750526308055,82.86,0.07,buy,293531310
1750526308055,82.87,0.151,buy,293531311
1750526308280,82.87,0.067,buy,293531312
1750526308690,82.88,0.313,buy,293531313
1750526310744,82.89,0.188,buy,293531314
1750526312172,82.9,1.636,buy,293531315
1750526315049,82.9,0.965,buy,293531316
1750526315499,82.9,1.206,buy,293531317
1750526317903,82.89,0.129,sell,293531318
1750526319662,82.9,0.289,buy,293531319
1750526320355,82.9,0.064,buy,293531320
1750526320355,82.91,0.034,buy,293531321
1750526320455,82.9,0.078,sell,293531322
1750526320534,82.9,0.461,sell,293531323
1750526320594,82.91,0.438,buy,293531324
1750526321106,82.9,0.322,sell,293531325
1750526321627,82.9,0.322,sell,293531326
1750526322132,82.9,0.318,sell,293531327
1750526323926,82.9,0.314,sell,293531328
1750526324217,82.9,0.31,sell,293531329
1750526324483,82.9,0.307,sell,293531330
1750526325143,82.9,0.303,sell,293531331
1750526325795,82.9,10.309,sell,293531332
1750526325833,82.89,1.181,sell,293531333
1750526326514,82.89,0.126,sell,293531334
1750526326753,82.88,0.5,sell,293531335
1750526327583,82.87,3.429,sell,293531336
1750526327657,82.87,0.265,sell,293531337
1750526327713,82.86,0.109,sell,293531338
1750526334100,82.88,0.064,buy,293531339
1750526334402,82.89,0.121,buy,293531340
1750526334854,82.9,0.252,buy,293531341
1750526338592,82.9,0.414,buy,293531342
1750526339127,82.9,0.799,buy,293531343
1750526339945,82.9,0.603,buy,293531344
1750526341561,82.9,0.603,buy,293531345
1750526344831,82.9,0.507,buy,293531346
1750526345604,82.9,0.77,buy,293531347
1750526346518,82.9,0.145,buy,293531348
1750526348674,82.9,0.303,buy,293531349
1750526352928,82.89,0.242,sell,293531350
1750526359285,82.9,0.131,buy,293531351
1750526359285,82.91,0.989,buy,293531352
1750526360633,82.91,0.136,buy,293531353
1750526362378,82.92,0.44,buy,293531354
1750526364070,82.92,1.258,buy,293531355
1750526364133,82.92,0.768,sell,293531356
1750526364673,82.93,0.252,buy,293531357
1750526365048,82.94,0.615,buy,293531358
1750526366102,82.93,1.427,sell,293531359
1750526366234,82.93,0.092,sell,293531360
1750526371978,82.93,0.941,sell,293531361
1750526372596,82.93,3.518,sell,293531362
1750526379136,82.94,0.646,buy,293531363
1750526383443,82.94,0.444,buy,293531364
1750526384705,82.94,0.254,sell,293531365
1750526387151,82.95,19.316,buy,293531366
1750526387204,82.94,0.187,sell,293531367
1750526391810,82.96,0.602,buy,293531368
1750526393095,82.95,0.121,sell,293531369
1750526394246,82.96,4.51,buy,293531370
1750526394507,82.95,6.823,sell,293531371
1750526398992,82.96,0.124,buy,293531372
1750526402796,82.96,0.243,buy,293531373
1750526403535,82.96,0.7,buy,293531374
1750526404567,82.95,8.726,sell,293531375
1750526404651,82.94,0.561,sell,293531376
1750526409793,82.93,0.13,sell,293531377
1750526410683,82.93,0.625,sell,293531378
1750526413291,82.92,0.325,sell,293531379
1750526413293,82.92,0.178,sell,293531380
1750526418800,82.91,0.567,sell,293531381
1750526419742,82.91,0.121,buy,293531382
1750526422195,82.91,0.462,buy,293531383
1750526422352,82.91,0.084,buy,293531384
1750526422579,82.91,1.248,buy,293531385
1750526423444,82.91,0.183,buy,293531386
1750526426084,82.91,0.227,buy,293531387
1750526426707,82.9,1.69,sell,293531388
1750526426709,82.9,0.054,sell,293531389
1750526426711,82.89,5.94,sell,293531390
1750526426711,82.89,23.897,sell,293531391
1750526429200,82.89,0.446,sell,293531392
1750526429372,82.89,1,buy,293531393
1750526429473,82.89,1.183,buy,293531394
1750526430609,82.89,0.317,buy,293531395
1750526431164,82.89,0.21,buy,293531396
1750526432397,82.89,4.705,buy,293531397
1750526433155,82.89,0.393,buy,293531398
1750526433506,82.88,1.721,sell,293531399
1750526433938,82.88,0.971,buy,293531400
1750526434803,82.87,0.279,sell,293531401
1750526435067,82.88,0.132,buy,293531402
1750526437135,82.88,0.334,buy,293531403
1750526438612,82.88,0.94,buy,293531404
1750526439758,82.88,5.874,buy,293531405
1750526439773,82.89,0.091,buy,293531406
1750526439814,82.9,0.944,buy,293531407
1750526440279,82.9,0.301,buy,293531408
1750526442178,82.9,1.204,buy,293531409
1750526450094,82.89,0.12,sell,293531410
1750526452197,82.89,2.417,sell,293531411
1750526452395,82.89,0.663,sell,293531412
1750526452768,82.89,5.224,sell,293531413
1750526452887,82.88,0.5,sell,293531414
1750526452887,82.87,0.418,sell,293531415
1750526453133,82.87,0.504,sell,293531416
1750526454010,82.87,0.181,buy,293531417
1750526454675,82.86,0.408,sell,293531418
1750526455216,82.87,0.096,buy,293531419
1750526455469,82.86,1.511,sell,293531420
1750526455867,82.88,0.261,buy,293531421
1750526457354,82.88,0.414,buy,293531422
1750526460930,82.87,0.628,sell,293531423
1750526470362,82.88,1.206,buy,293531424
1750526472215,82.87,0.605,sell,293531425
1750526472912,82.88,0.777,buy,293531426
1750526473776,82.87,7.995,sell,293531427
1750526474100,82.86,0.437,sell,293531428
1750526476244,82.85,0.121,sell,293531429
1750526479032,82.85,6.257,sell,293531430
1750526479032,82.85,6.342,sell,293531431
1750526479032,82.85,7.224,sell,293531432
1750526479032,82.84,23.678,sell,293531433
1750526479032,82.83,1.368,sell,293531434
1750526479032,82.83,44.01,sell,293531435
1750526479033,82.82,4,sell,293531436
1750526479116,82.82,0.507,sell,293531437
1750526479216,82.81,1.855,sell,293531438
1750526479223,82.81,0.189,sell,293531439
1750526479501,82.81,31.086,buy,293531440
1750526479525,82.82,3.188,buy,293531441
1750526481250,82.82,0.2,sell,293531442
1750526485311,82.83,0.555,buy,293531443
1750526485667,82.82,0.114,sell,293531444
1750526491545,82.82,4.68,sell,293531445
1750526491547,82.82,0.059,sell,293531446
1750526491575,82.82,0.843,buy,293531447
1750526491800,82.81,0.5,sell,293531448
1750526492999,82.81,0.362,buy,293531449
1750526493246,82.8,0.148,sell,293531450
1750526493500,82.8,0.225,sell,293531451
1750526494524,82.81,0.181,buy,293531452
1750526495826,82.8,7.369,sell,293531453
1750526495826,82.8,0.063,sell,293531454
1750526501227,82.8,0.296,buy,293531455
1750526501228,82.79,0.085,sell,293531456
1750526509096,82.8,0.247,sell,293531457
1750526512808,82.81,0.185,buy,293531458
1750526512808,82.82,0.056,buy,293531459
1750526514689,82.81,0.587,sell,293531460
1750526520049,82.82,0.145,buy,293531461
1750526522148,82.82,0.22,sell,293531462
1750526524864,82.83,0.185,buy,293531463
1750526524864,82.84,1.022,buy,293531464
1750526525004,82.84,0.1,buy,293531465
1750526527121,82.84,0.545,buy,293531466
1750526538287,82.83,2.179,sell,293531467
1750526538696,82.83,7.976,sell,293531468
1750526542671,82.83,7.067,sell,293531469
1750526545027,82.83,15.674,buy,293531470
1750526545027,82.83,84.31,buy,293531471
1750526545033,82.84,6.037,buy,293531472
1750526545157,82.83,0.736,sell,293531473
1750526545157,82.84,2.598,buy,293531474
1750526545157,82.85,0.945,buy,293531475
1750526545237,82.85,1.181,buy,293531476
1750526546435,82.85,0.527,buy,293531477
1750526546960,82.85,0.276,buy,293531478
1750526548055,82.84,0.176,sell,293531479
1750526548055,82.85,0.298,buy,293531480
1750526548423,82.84,6.287,sell,293531481
1750526548425,82.84,0.063,sell,293531482
1750526548890,82.84,0.774,buy,293531483
1750526548942,82.83,0.471,sell,293531484
1750526549300,82.83,0.19,sell,293531485
1750526549491,82.83,0.275,buy,293531486
1750526555354,82.83,1.51,buy,293531487
1750526557941,82.83,0.769,buy,293531488
1750526560156,82.83,0.1,buy,293531489
1750526561036,82.83,3.646,buy,293531490
1750526561205,82.83,0.121,buy,293531491
1750526561625,82.82,9.195,sell,293531492
1750526562075,82.81,0.5,sell,293531493
1750526562075,82.8,1.595,sell,293531494
1750526565596,82.81,0.074,buy,293531495
1750526566522,82.8,1.754,sell,293531496
1750526566788,82.79,0.383,sell,293531497
1750526567201,82.78,0.628,sell,293531498
1750526567417,82.78,0.186,buy,293531499
1750526569971,82.78,0.785,buy,293531500
1750526571142,82.78,6.033,buy,293531501
1750526572094,82.78,0.241,buy,293531502
1750526572555,82.77,0.081,sell,293531503
1750526575123,82.77,0.407,sell,293531504
1750526580534,82.77,0.258,sell,293531505
1750526581753,82.77,0.256,sell,293531506
1750526582057,82.77,0.25,sell,293531507
1750526582645,82.77,0.248,sell,293531508
1750526582926,82.77,0.251,sell,293531509
1750526583188,82.77,0.248,sell,293531510
1750526583717,82.78,14.136,buy,293531511
1750526583749,82.79,0.212,buy,293531512
1750526584400,82.8,0.185,buy,293531513
1750526585280,82.81,0.268,buy,293531514
1750526586462,82.8,9.53,sell,293531515
1750526586463,82.8,0.056,sell,293531516
1750526589507,82.79,3.194,sell,293531517
1750526590494,82.79,0.676,buy,293531518
1750526594647,82.78,0.276,sell,293531519
1750526595613,82.78,0.275,sell,293531520
1750526595939,82.78,0.274,sell,293531521
1750526596278,82.79,0.603,buy,293531522
1750526596374,82.78,0.271,sell,293531523
1750526596658,82.78,0.275,sell,293531524
1750526597893,82.78,0.272,sell,293531525
1750526598283,82.78,0.268,sell,293531526
1750526598545,82.78,0.265,sell,293531527
1750526599041,82.78,0.262,sell,293531528
1750526599343,82.78,0.259,sell,293531529
1750526599663,82.79,0.234,buy,293531530
1750526599740,82.78,0.275,sell,293531531
1750526600842,82.78,0.272,sell,293531532
1750526600986,82.79,0.274,buy,293531533
1750526601104,82.78,0.239,sell,293531534
1750526601131,82.78,0.268,sell,293531535
1750526601444,82.78,0.262,sell,293531536
1750526601848,82.78,0.259,sell,293531537
1750526603068,82.78,0.256,sell,293531538
1750526603192,82.79,1.04,buy,293531539
1750526603323,82.78,0.253,sell,293531540
1750526603812,82.78,0.249,sell,293531541
1750526604242,82.78,0.246,sell,293531542
1750526605443,82.78,0.244,sell,293531543
1750526607008,82.78,5.595,sell,293531544
1750526607165,82.77,0.239,sell,293531545
1750526610303,82.78,0.074,buy,293531546
1750526610566,82.78,0.992,buy,293531547
1750526611634,82.77,0.242,sell,293531548
1750526612359,82.78,0.531,buy,293531549
1750526615786,82.77,2.118,sell,293531550
1750526626512,82.77,2.859,sell,293531551
1750526627211,82.77,0.372,sell,293531552
1750526627604,82.77,0.2,sell,293531553
1750526634195,82.77,0.062,sell,293531554
1750526634979,82.77,10.693,sell,293531555
1750526634979,82.76,23.58,sell,293531556
1750526634979,82.76,3.531,sell,293531557
1750526635007,82.76,0.281,sell,293531558
1750526635038,82.75,1.03,sell,293531559
1750526635254,82.75,0.315,sell,293531560
1750526635455,82.74,0.57,sell,293531561
1750526635500,82.74,0.186,sell,293531562
1750526635901,82.73,6.733,sell,293531563
1750526636000,82.73,0.19,sell,293531564
1750526638490,82.72,1.593,sell,293531565
1750526638492,82.72,0.063,sell,293531566
1750526639022,82.71,0.446,sell,293531567
1750526639022,82.7,6.67,sell,293531568
1750526639022,82.69,16.616,sell,293531569
1750526639022,82.69,4.339,sell,293531570
1750526639025,82.68,0.067,sell,293531571
1750526639120,82.68,1.181,sell,293531572
1750526640592,82.68,1.045,sell,293531573
1750526640693,82.67,0.53,sell,293531574
1750526643906,82.67,1.269,buy,293531575
1750526644713,82.67,0.064,buy,293531576
1750526644713,82.68,0.209,buy,293531577
1750526645696,82.68,0.788,buy,293531578
1750526647292,82.67,16.717,sell,293531579
1750526649975,82.67,0.65,sell,293531580
1750526650431,82.68,0.122,buy,293531581
1750526651807,82.69,0.186,buy,293531582
1750526651807,82.7,0.995,buy,293531583
1750526653896,82.7,0.371,buy,293531584
1750526658490,82.69,0.252,sell,293531585
1750526661489,82.69,0.091,buy,293531586
1750526661582,82.69,1.701,buy,293531587
1750526663148,82.68,2.396,sell,293531588
1750526663200,82.68,0.19,sell,293531589
1750526664614,82.68,0.544,buy,293531590
1750526665937,82.67,0.738,sell,293531591
1750526667679,82.68,0.31,buy,293531592
1750526670542,82.68,0.299,buy,293531593
1750526672142,82.68,4.23,buy,293531594
1750526672995,82.68,3,buy,293531595
1750526673307,82.68,8.471,buy,293531596
1750526680255,82.67,0.109,sell,293531597
1750526684500,82.67,0.583,sell,293531598
1750526685176,82.67,0.964,buy,293531599
1750526692057,82.66,0.3,sell,293531600
1750526694120,82.67,0.375,buy,293531601
1750526694822,82.67,2.036,buy,293531602
1750526695564,82.67,0.549,buy,293531603
1750526695907,82.66,1.706,sell,293531604
1750526696112,82.66,0.42,sell,293531605
1750526696206,82.66,0.079,buy,293531606
1750526699481,82.65,0.804,sell,293531607
1750526699481,82.64,14.146,sell,293531608
1750526699487,82.64,0.219,buy,293531609
1750526699766,82.63,0.315,sell,293531610
1750526699933,82.64,1.55,buy,293531611
1750526700124,82.63,0.497,sell,293531612
1750526701958,82.64,0.101,buy,293531613
1750526702023,82.64,0.274,buy,293531614
1750526703936,82.64,3.251,buy,293531615
1750526705648,82.64,0.358,buy,293531616
1750526706839,82.63,0.249,sell,293531617
1750526707234,82.64,1.181,buy,293531618
1750526707259,82.64,0.922,buy,293531619
1750526707457,82.65,0.122,buy,293531620
1750526709054,82.66,1.44,buy,293531621
1750526709056,82.66,0.895,buy,293531622
1750526709108,82.67,0.213,buy,293531623
1750526711664,82.67,0.263,sell,293531624
1750526713648,82.67,0.315,sell,293531625
1750526721168,82.68,0.253,buy,293531626
1750526721240,82.68,0.356,sell,293531627
1750526721343,82.69,0.189,buy,293531628
1750526721995,82.7,1.288,buy,293531629
1750526725155,82.69,0.286,sell,293531630
1750526725632,82.69,0.25,sell,293531631
1750526725715,82.7,0.811,buy,293531632
1750526726758,82.69,0.125,sell,293531633
1750526727627,82.69,0.247,sell,293531634
1750526728242,82.7,0.429,buy,293531635
1750526728734,82.69,0.244,sell,293531636
1750526730365,82.69,0.126,sell,293531637
1750526731002,82.69,0.274,buy,293531638
1750526731291,82.68,0.607,sell,293531639
1750526742413,82.69,0.121,buy,293531640
1750526742761,82.69,0.317,sell,293531641
1750526742895,82.7,0.604,buy,293531642
1750526743040,82.69,0.313,sell,293531643
1750526743346,82.69,0.309,sell,293531644
1750526743828,82.69,0.256,sell,293531645
1750526744144,82.69,0.253,sell,293531646
1750526744370,82.7,0.06,buy,293531647
1750526745135,82.69,0.248,sell,293531648
1750526745429,82.69,0.245,sell,293531649
1750526746739,82.69,0.243,sell,293531650
1750526748439,82.69,0.251,sell,293531651
1750526749526,82.69,2.249,sell,293531652
1750526750374,82.7,0.203,buy,293531653
1750526752537,82.7,1.055,buy,293531654
1750526753564,82.69,0.692,sell,293531655
1750526755645,82.7,1.77,buy,293531656
1750526757649,82.69,2.499,sell,293531657
1750526760200,82.69,0.64,sell,293531658
1750526760989,82.68,0.375,sell,293531659
1750526760990,82.68,0.286,sell,293531660
1750526763939,82.68,0.571,buy,293531661
1750526764815,82.67,0.501,sell,293531662
1750526765100,82.66,0.568,sell,293531663
1750526767071,82.65,0.552,sell,293531664
1750526767666,82.66,0.082,buy,293531665
1750526767994,82.65,0.737,sell,293531666
1750526770319,82.65,0.208,sell,293531667
1750526770742,82.65,0.566,sell,293531668
1750526771001,82.65,15.102,sell,293531669
1750526776070,82.65,0.268,buy,293531670
1750526776161,82.65,0.731,buy,293531671
1750526778134,82.65,0.522,sell,293531672
1750526778557,82.66,0.075,buy,293531673
1750526781987,82.66,0.388,buy,293531674
1750526782790,82.66,0.253,buy,293531675
1750526785805,82.66,1.82,buy,293531676
1750526786278,82.66,0.912,buy,293531677
1750526788055,82.66,0.122,buy,293531678
1750526788938,82.65,6.22,sell,293531679
1750526798686,82.66,1.044,sell,293531680
1750526798693,82.66,0.379,sell,293531681
1750526798941,82.66,0.297,sell,293531682
1750526799440,82.66,0.303,sell,293531683
1750526799739,82.66,0.3,sell,293531684
1750526800041,82.66,0.296,sell,293531685
1750526800155,82.66,0.158,sell,293531686
1750526800347,82.66,0.29,sell,293531687
1750526800525,82.67,0.415,buy,293531688
1750526800815,82.66,0.287,sell,293531689
1750526801117,82.66,0.533,sell,293531690
1750526801251,82.66,0.277,sell,293531691
1750526802422,82.66,1.07,sell,293531692
1750526802424,82.66,0.063,sell,293531693
1750526803171,82.66,0.12,buy,293531694
1750526804023,82.65,0.252,sell,293531695
1750526804041,82.65,0.364,sell,293531696
1750526804406,82.65,15.145,sell,293531697
1750526804800,82.64,0.798,sell,293531698
1750526805304,82.63,0.503,sell,293531699
1750526806000,82.64,0.214,buy,293531700
1750526806744,82.64,0.76,buy,293531701
1750526809322,82.64,0.428,sell,293531702
1750526809807,82.64,0.259,sell,293531703
1750526810078,82.64,1.196,buy,293531704
1750526813307,82.64,0.215,buy,293531705
1750526815078,82.65,0.186,buy,293531706
1750526815078,82.66,0.745,buy,293531707
1750526817211,82.66,0.488,buy,293531708
1750526819161,82.66,1.046,buy,293531709
1750526827209,82.65,0.478,sell,293531710
1750526827600,82.66,0.091,buy,293531711
1750526831012,82.65,0.252,sell,293531712
1750526831611,82.65,0.437,buy,293531713
1750526839268,82.65,0.706,sell,293531714
1750526839532,82.65,0.578,sell,293531715
1750526839621,82.66,0.422,buy,293531716
1750526840858,82.65,0.363,sell,293531717
1750526841142,82.65,0.433,sell,293531718
1750526841618,82.66,0.081,buy,293531719
1750526842408,82.65,0.354,sell,293531720
1750526843292,82.65,0.349,sell,293531721
1750526847140,82.65,0.253,sell,293531722
1750526847523,82.65,0.25,sell,293531723
1750526847779,82.66,4.242,buy,293531724
1750526847842,82.65,0.247,sell,293531725
1750526848130,82.65,0.244,sell,293531726
1750526849771,82.66,1.038,buy,293531727
1750526850333,82.65,0.267,sell,293531728
1750526852933,82.66,2.693,buy,293531729
1750526852984,82.65,0.198,sell,293531730
1750526853502,82.65,0.471,sell,293531731
1750526853568,82.64,0.251,sell,293531732
1750526855392,82.64,0.312,sell,293531733
1750526855506,82.63,0.324,sell,293531734
1750526855844,82.63,0.251,sell,293531735
1750526856144,82.63,0.248,sell,293531736
1750526856406,82.63,0.247,sell,293531737
1750526856667,82.63,0.318,sell,293531738
1750526857133,82.63,0.314,sell,293531739
1750526857549,82.63,0.31,sell,293531740
1750526858046,82.63,0.306,sell,293531741
1750526859096,82.64,2.213,buy,293531742
1750526859146,82.64,0.306,sell,293531743
1750526860055,82.65,0.122,buy,293531744
1750526860132,82.65,0.528,sell,293531745
1750526860432,82.65,0.343,sell,293531746
1750526860706,82.65,0.339,sell,293531747
1750526861039,82.65,0.313,sell,293531748
1750526861339,82.65,0.309,sell,293531749
1750526861609,82.65,0.305,sell,293531750
1750526861819,82.66,0.437,buy,293531751
1750526862038,82.65,0.304,sell,293531752
1750526862292,82.65,2.318,sell,293531753
1750526862343,82.65,0.272,sell,293531754
1750526863233,82.65,0.269,sell,293531755
1750526863512,82.65,0.266,sell,293531756
1750526865538,82.65,0.26,sell,293531757
1750526865830,82.65,0.259,sell,293531758
1750526866121,82.65,0.256,sell,293531759
1750526866378,82.66,0.141,buy,293531760
1750526866435,82.65,0.259,sell,293531761
1750526866913,82.66,0.57,buy,293531762
1750526866916,82.65,0.256,sell,293531763
1750526867332,82.65,0.253,sell,293531764
1750526867818,82.65,0.249,sell,293531765
1750526869803,82.65,0.255,sell,293531766
1750526869935,82.65,0.244,sell,293531767
1750526870617,82.65,0.49,sell,293531768
1750526870869,82.65,0.12,sell,293531769
1750526873056,82.65,0.479,sell,293531770
1750526873280,82.66,0.764,buy,293531771
1750526874239,82.66,0.617,buy,293531772
1750526874702,82.66,0.241,buy,293531773
1750526875528,82.66,0.62,buy,293531774
1750526876097,82.66,24.014,buy,293531775
1750526876406,82.66,0.238,buy,293531776
1750526877668,82.65,1.196,sell,293531777
1750526879278,82.66,0.404,buy,293531778
1750526885299,82.65,0.628,sell,293531779
1750526885471,82.66,0.061,buy,293531780
1750526888483,82.65,0.532,sell,293531781
1750526890092,82.66,1.246,buy,293531782
1750526892242,82.66,2.077,buy,293531783
1750526892582,82.65,0.337,sell,293531784
1750526893003,82.66,0.295,buy,293531785
1750526893184,82.65,0.333,sell,293531786
1750526893550,82.65,0.329,sell,293531787
1750526893707,82.66,0.269,buy,293531788
1750526893945,82.65,0.324,sell,293531789
1750526894241,82.65,0.322,sell,293531790
1750526894531,82.65,0.316,sell,293531791
1750526895097,82.66,0.485,buy,293531792
1750526897622,82.66,0.841,buy,293531793
1750526897769,82.65,0.393,sell,293531794
1750526899165,82.66,1.335,buy,293531795
1750526899252,82.65,0.388,sell,293531796
1750526899509,82.65,0.383,sell,293531797
1750526899842,82.65,0.378,sell,293531798
1750526900674,82.65,0.374,sell,293531799
1750526901011,82.65,0.296,sell,293531800
1750526901749,82.66,0.12,buy,293531801
1750526903900,82.67,0.253,buy,293531802
1750526903912,82.68,1.328,buy,293531803
1750526904250,82.68,0.496,sell,293531804
1750526905130,82.69,11.503,buy,293531805
1750526905137,82.7,20.059,buy,293531806
1750526905152,82.71,0.067,buy,293531807
1750526905346,82.7,0.297,sell,293531808
1750526906673,82.71,0.637,buy,293531809
1750526907347,82.71,0.189,buy,293531810
1750526907446,82.71,0.433,sell,293531811
1750526907697,82.72,0.673,buy,293531812
1750526907841,82.71,0.29,sell,293531813
1750526907955,82.72,0.137,buy,293531814
1750526908134,82.71,0.256,sell,293531815
1750526908434,82.71,0.255,sell,293531816
1750526908889,82.71,0.658,sell,293531817
1750526912400,82.7,0.839,sell,293531818
1750526914900,82.7,0.845,buy,293531819
1750526919296,82.7,0.121,buy,293531820
1750526924298,82.69,7.501,sell,293531821
1750526925681,82.69,0.126,sell,293531822
1750526926839,82.69,0.472,buy,293531823
1750526926925,82.69,1.34,buy,293531824
1750526927027,82.68,0.501,sell,293531825
1750526928492,82.67,2.634,sell,293531826
1750526928846,82.67,0.501,sell,293531827
1750526930101,82.66,0.501,sell,293531828
1750526930561,82.66,0.067,buy,293531829
1750526930635,82.66,0.247,sell,293531830
1750526930646,82.67,0.071,buy,293531831
1750526937002,82.67,0.186,buy,293531832
1750526937002,82.68,0.052,buy,293531833
1750526939017,82.67,0.426,sell,293531834
1750526939332,82.67,0.246,sell,293531835
1750526940159,82.67,0.243,sell,293531836
1750526940594,82.67,2.142,sell,293531837
1750526940876,82.67,25.638,sell,293531838
1750526940876,82.66,48.444,sell,293531839
1750526942279,82.66,0.36,buy,293531840
1750526942767,82.66,0.646,buy,293531841
1750526946613,82.65,0.316,sell,293531842
1750526946615,82.65,0.126,sell,293531843
1750526950156,82.64,0.383,sell,293531844
1750526950180,82.64,1.181,sell,293531845
1750526950346,82.64,0.244,sell,293531846
1750526950404,82.65,0.121,buy,293531847
1750526951070,82.64,3.236,sell,293531848
1750526951081,82.64,0.944,sell,293531849
1750526951092,82.64,1.181,sell,293531850
1750526951094,82.64,0.149,sell,293531851
1750526951119,82.64,0.658,sell,293531852
1750526951150,82.64,0.156,sell,293531853
1750526951201,82.64,0.616,sell,293531854
1750526951213,82.64,0.148,sell,293531855
1750526951233,82.64,0.239,sell,293531856
1750526951252,82.64,0.23,sell,293531857
1750526951263,82.64,0.144,sell,293531858
1750526951276,82.64,0.144,sell,293531859
1750526951450,82.64,0.564,sell,293531860
1750526951732,82.64,0.557,sell,293531861
1750526952254,82.64,0.633,sell,293531862
1750526952543,82.64,0.626,sell,293531863
1750526953342,82.64,0.604,sell,293531864
1750526953844,82.64,0.597,sell,293531865
1750526954266,82.64,0.589,sell,293531866
1750526954778,82.65,0.766,buy,293531867
1750526954946,82.64,0.594,sell,293531868
1750526955449,82.64,0.47,sell,293531869
1750526956150,82.64,0.466,sell,293531870
1750526956414,82.64,0.46,sell,293531871
1750526956752,82.64,0.455,sell,293531872
1750526957044,82.64,0.449,sell,293531873
1750526957128,82.64,1.209,sell,293531874
1750526957331,82.64,0.429,sell,293531875
1750526958200,82.65,0.37,buy,293531876
1750526958366,82.65,0.544,buy,293531877
1750526958434,82.64,0.285,sell,293531878
1750526960245,82.64,0.282,sell,293531879
1750526960536,82.64,0.278,sell,293531880
1750526961369,82.64,0.665,sell,293531881
1750526962147,82.64,0.267,sell,293531882
1750526962432,82.64,0.263,sell,293531883
1750526963507,82.64,4.929,sell,293531884
1750526964033,82.64,0.28,sell,293531885
1750526964175,82.65,0.422,buy,293531886
1750526964204,82.65,1.935,buy,293531887
1750526964343,82.64,0.276,sell,293531888
1750526964619,82.64,0.273,sell,293531889
1750526965039,82.64,0.269,sell,293531890
1750526965303,82.64,0.266,sell,293531891
1750526967548,82.64,0.33,sell,293531892
1750526967841,82.64,0.326,sell,293531893
1750526969230,82.64,0.322,sell,293531894
1750526970112,82.65,0.273,buy,293531895
1750526970357,82.64,0.318,sell,293531896
1750526970507,82.65,4.612,buy,293531897
1750526971330,82.64,0.314,sell,293531898
1750526973639,82.64,0.311,sell,293531899
1750526974340,82.64,0.307,sell,293531900
1750526975014,82.64,6.842,sell,293531901
1750526975123,82.63,0.356,sell,293531902
1750526977940,82.63,0.48,sell,293531903
1750526978226,82.63,0.338,sell,293531904
1750526978532,82.63,0.472,sell,293531905
1750526978790,82.63,0.467,sell,293531906
1750526979168,82.63,0.462,sell,293531907
1750526979272,82.63,25.184,sell,293531908
1750526979378,82.62,6.735,sell,293531909
1750526980340,82.62,0.263,sell,293531910
1750526980640,82.62,0.26,sell,293531911
1750526980701,82.63,1.011,buy,293531912
1750526981143,82.62,0.34,sell,293531913
1750526981415,82.62,0.336,sell,293531914
1750526982119,82.62,0.221,sell,293531915
1750526982500,82.63,1.185,buy,293531916
1750526983730,82.62,0.329,sell,293531917
1750526984872,82.62,0.325,sell,293531918
1750526985135,82.62,0.321,sell,293531919
1750526985528,82.62,0.317,sell,293531920
1750526985784,82.62,0.314,sell,293531921
1750526986240,82.62,0.31,sell,293531922
1750526986517,82.62,0.306,sell,293531923
1750526987340,82.62,0.302,sell,293531924
1750526988042,82.62,0.298,sell,293531925
1750526988318,82.62,0.295,sell,293531926
1750526989367,82.62,0.332,sell,293531927
1750526989844,82.62,0.287,sell,293531928
1750526991332,82.62,0.284,sell,293531929
1750526991632,82.62,0.28,sell,293531930
1750526993894,82.62,0.508,sell,293531931
1750526994059,82.62,0.271,sell,293531932
1750526994076,82.63,1.365,buy,293531933
1750526994441,82.62,0.268,sell,293531934
1750526994846,82.62,0.265,sell,293531935
1750526995540,82.62,0.324,sell,293531936
1750526995855,82.62,0.324,sell,293531937
1750526996241,82.62,0.321,sell,293531938
1750526996545,82.62,0.317,sell,293531939
1750526996940,82.62,0.313,sell,293531940
1750526997236,82.62,0.31,sell,293531941
1750526998405,82.62,0.618,sell,293531942
1750526998462,82.62,0.306,sell,293531943
1750526999143,82.62,0.458,sell,293531944
1750526999443,82.62,0.453,sell,293531945
1750526999746,82.62,0.282,sell,293531946
1750527000308,82.62,0.279,sell,293531947
1750527001195,82.62,0.24,sell,293531948
1750527002401,82.62,8.215,sell,293531949
1750527002403,82.62,0.063,sell,293531950
1750527002404,82.62,1.065,buy,293531951
1750527002404,82.62,1.065,buy,293531952
1750527002404,82.62,1.065,buy,293531953
1750527002404,82.62,1.065,buy,293531954
1750527002404,82.62,4.454,buy,293531955
1750527002404,82.62,1.065,buy,293531956
1750527002404,82.62,1.065,buy,293531957
1750527002404,82.62,1.065,buy,293531958
1750527002404,82.62,1.065,buy,293531959
1750527002404,82.62,1.065,buy,293531960
1750527002405,82.62,1.065,buy,293531961
1750527002405,82.62,1.065,buy,293531962
1750527002405,82.62,1.065,buy,293531963
1750527002405,82.62,1.198,buy,293531964
1750527002405,82.62,1.065,buy,293531965
1750527002405,82.62,1.21,buy,293531966
1750527002405,82.62,1.065,buy,293531967
1750527002405,82.62,1.065,buy,293531968
1750527002405,82.62,1.065,buy,293531969
1750527002405,82.62,1.198,buy,293531970
1750527002405,82.62,1.198,buy,293531971
1750527002405,82.62,1.065,buy,293531972
1750527002405,82.62,1.198,buy,293531973
1750527002405,82.62,1.198,buy,293531974
1750527002405,82.62,1.198,buy,293531975
1750527002405,82.62,1.198,buy,293531976
1750527002405,82.62,1.198,buy,293531977
1750527002405,82.62,1.198,buy,293531978
1750527002405,82.62,4.454,buy,293531979
1750527002406,82.62,4.454,buy,293531980
1750527002407,82.62,1.198,buy,293531981
1750527002407,82.62,4.454,buy,293531982
1750527002407,82.62,4.454,buy,293531983
1750527002407,82.62,4.454,buy,293531984
1750527002407,82.62,4.454,buy,293531985
1750527002407,82.62,4.454,buy,293531986
1750527002407,82.62,4.454,buy,293531987
1750527002407,82.62,4.454,buy,293531988
1750527002407,82.62,4.454,buy,293531989
1750527002407,82.62,4.454,buy,293531990
1750527002409,82.62,3.899,buy,293531991
1750527002409,82.62,3.899,buy,293531992
1750527002409,82.62,4.454,buy,293531993
1750527002409,82.62,3.899,buy,293531994
1750527002409,82.62,3.899,buy,293531995
1750527002410,82.62,3.961,buy,293531996
1750527002410,82.62,3.961,buy,293531997
1750527002411,82.62,1.644,buy,293531998
1750527002411,82.62,1.644,buy,293531999
1750527002411,82.62,1.644,buy,293532000
1750527002411,82.62,1.644,buy,293532001
1750527002411,82.62,1.644,buy,293532002
1750527002411,82.62,1.644,buy,293532003
1750527002411,82.62,1.644,buy,293532004
1750527002411,82.62,4.024,buy,293532005
1750527002411,82.62,1.644,buy,293532006
1750527002411,82.62,1.644,buy,293532007
1750527002411,82.62,1.644,buy,293532008
1750527002412,82.62,17.874,buy,293532009
1750527002414,82.62,2.159,buy,293532010
1750527002415,82.62,13.409,buy,293532011
1750527002428,82.62,0.338,buy,293532012
1750527002430,82.62,11.682,buy,293532013
1750527002431,82.62,3.178,buy,293532014
1750527002434,82.62,8.197,buy,293532015
1750527002435,82.62,0.064,buy,293532016
1750527002471,82.62,0.189,sell,293532017
1750527002473,82.62,12.279,buy,293532018
1750527002473,82.62,12.279,buy,293532019
1750527002474,82.62,12.277,buy,293532020
1750527002474,82.62,0.338,buy,293532021
1750527002474,82.62,7.633,buy,293532022
1750527003614,82.62,0.135,buy,293532023
1750527007225,82.62,0.388,buy,293532024
1750527007999,82.61,3.977,sell,293532025
1750527008192,82.62,0.37,buy,293532026
1750527010385,82.62,0.782,buy,293532027
1750527010764,82.61,0.43,sell,293532028
1750527014552,82.61,0.25,sell,293532029
1750527016151,82.61,0.247,sell,293532030
1750527016463,82.61,0.244,sell,293532031
1750527019038,82.62,0.329,buy,293532032
1750527021104,82.61,0.953,sell,293532033
1750527021858,82.62,0.183,buy,293532034
1750527024866,82.61,3.28,sell,293532035
1750527025777,82.62,0.097,buy,293532036
1750527027323,82.61,0.119,sell,293532037
1750527028107,82.61,0.252,sell,293532038
1750527028253,82.6,0.254,sell,293532039
1750527029920,82.6,0.251,sell,293532040
1750527030439,82.61,0.15,buy,293532041
1750527031040,82.6,0.249,sell,293532042
1750527031332,82.6,0.247,sell,293532043
1750527031823,82.6,0.244,sell,293532044
1750527032119,82.6,1.042,sell,293532045
1750527032754,82.61,0.307,buy,293532046
1750527032755,82.6,0.073,sell,293532047
1750527037682,82.61,0.315,buy,293532048
1750527041703,82.61,1.848,sell,293532049
1750527042877,82.62,0.143,buy,293532050
1750527044495,82.62,0.703,buy,293532051
1750527045204,82.61,0.167,sell,293532052
1750527047799,82.62,0.242,buy,293532053
1750527047855,82.62,0.074,buy,293532054
1750527047955,82.61,0.162,sell,293532055
1750527048116,82.61,0.421,sell,293532056
1750527048338,82.61,8.404,sell,293532057
1750527048343,82.61,0.189,sell,293532058
1750527048442,82.6,0.252,sell,293532059
1750527048746,82.6,0.25,sell,293532060
1750527049343,82.6,0.247,sell,293532061
1750527049648,82.6,0.326,sell,293532062
1750527050418,82.61,0.615,buy,293532063
1750527050431,82.6,0.332,sell,293532064
1750527051037,82.6,0.329,sell,293532065
1750527051577,82.6,0.325,sell,293532066
1750527051823,82.6,0.321,sell,293532067
1750527052188,82.61,0.423,buy,293532068
1750527052332,82.6,0.317,sell,293532069
1750527052591,82.6,0.313,sell,293532070
1750527053747,82.61,0.465,buy,293532071
1750527054403,82.6,0.5,sell,293532072
1750527054941,82.6,0.304,sell,293532073
1750527056171,82.61,0.67,buy,293532074
1750527056500,82.6,3.828,sell,293532075
1750527056600,82.6,0.19,sell,293532076
1750527057035,82.59,1.078,sell,293532077
1750527057341,82.59,0.126,sell,293532078
1750527057720,82.58,0.315,sell,293532079
1750527058881,82.59,0.422,buy,293532080
1750527059914,82.58,5.27,sell,293532081
1750527060000,82.58,0.188,sell,293532082
1750527061326,82.58,2,buy,293532083
1750527061907,82.57,2.077,sell,293532084
1750527062349,82.57,3.712,sell,293532085
1750527062528,82.56,0.57,sell,293532086
1750527062529,82.56,0.059,sell,293532087
1750527062821,82.56,0.303,buy,293532088
1750527063062,82.55,1.8,sell,293532089
1750527063127,82.55,0.187,sell,293532090
1750527063132,82.54,2.99,sell,293532091
1750527063137,82.54,0.061,sell,293532092
1750527063139,82.53,10.372,sell,293532093
1750527063140,82.53,1.523,sell,293532094
1750527063172,82.52,2.525,sell,293532095
1750527063180,82.52,6.349,sell,293532096
1750527063278,82.51,4.505,sell,293532097
1750527063292,82.5,7.001,sell,293532098
1750527063370,82.5,2.087,sell,293532099
1750527063573,82.5,67.55,sell,293532100
1750527063573,82.5,0.063,sell,293532101
1750527063619,82.49,0.438,sell,293532102
1750527063684,82.49,0.879,buy,293532103
1750527063917,82.48,1.585,sell,293532104
1750527064104,82.49,0.097,buy,293532105
1750527064209,82.49,0.315,buy,293532106
1750527064421,82.49,0.197,sell,293532107
1750527064571,82.5,0.651,buy,293532108
1750527064586,82.49,0.286,sell,293532109
1750527064739,82.5,11.848,buy,293532110
1750527064821,82.5,0.155,buy,293532111
1750527064903,82.49,8.519,sell,293532112
1750527064916,82.49,1.181,sell,293532113
1750527065584,82.5,0.52,buy,293532114
1750527065639,82.51,3.242,buy,293532115
1750527065915,82.51,14.244,sell,293532116
1750527065916,82.51,0.063,sell,293532117
1750527066055,82.51,0.189,buy,293532118
1750527066592,82.51,18.172,sell,293532119
1750527066593,82.51,0.063,sell,293532120
1750527068643,82.51,1.037,buy,293532121
1750527068896,82.51,0.683,buy,293532122
1750527069163,82.51,0.315,buy,293532123
1750527069803,82.52,2.423,buy,293532124
1750527071896,82.52,0.215,buy,293532125
1750527072790,82.52,0.438,buy,293532126
1750527072800,82.52,0.19,buy,293532127
1750527072804,82.53,1.019,buy,293532128
1750527073019,82.53,0.205,buy,293532129
1750527073096,82.52,0.416,sell,293532130
1750527075855,82.53,0.275,buy,293532131
1750527077233,82.52,0.331,sell,293532132
1750527077540,82.53,0.999,buy,293532133
1750527080300,82.52,0.315,sell,293532134
1750527080683,82.52,0.26,buy,293532135
1750527081200,82.51,0.618,sell,293532136
1750527081506,82.5,0.563,sell,293532137
1750527082471,82.51,10,buy,293532138
1750527085336,82.51,0.253,buy,293532139
1750527085469,82.51,0.252,buy,293532140
1750527086029,82.52,0.921,buy,293532141
1750527086029,82.53,0.26,buy,293532142
1750527090588,82.52,0.8,sell,293532143
1750527094764,82.52,12.248,sell,293532144
1750527094804,82.53,0.199,buy,293532145
1750527095994,82.53,1.105,buy,293532146
1750527097357,82.52,0.225,sell,293532147
1750527099852,82.51,1.589,sell,293532148
1750527100367,82.5,0.32,sell,293532149
1750527100940,82.5,0.324,sell,293532150
1750527101491,82.5,0.249,sell,293532151
1750527101988,82.5,0.247,sell,293532152
1750527104667,82.51,0.315,buy,293532153
1750527104744,82.51,0.367,sell,293532154
1750527105303,82.52,0.118,buy,293532155
1750527108096,82.52,0.303,buy,293532156
1750527108400,82.51,0.798,sell,293532157
1750527108802,82.5,0.397,sell,293532158
1750527109410,82.51,0.084,buy,293532159
1750527109701,82.5,0.866,sell,293532160
1750527110897,82.5,0.707,buy,293532161
1750527117540,82.49,0.32,sell,293532162
1750527117840,82.49,0.316,sell,293532163
1750527118434,82.49,0.312,sell,293532164
1750527118704,82.49,0.067,sell,293532165
1750527118741,82.49,0.309,sell,293532166
1750527119035,82.49,0.378,sell,293532167
1750527119347,82.49,0.303,sell,293532168
1750527119679,82.5,0.315,buy,293532169
1750527119741,82.5,0.536,sell,293532170
1750527120073,82.5,0.53,sell,293532171
1750527120942,82.5,0.2,sell,293532172
1750527121186,82.5,0.521,sell,293532173
1750527121861,82.5,0.655,sell,293532174
1750527121863,82.5,0.063,sell,293532175
1750527122301,82.49,0.501,sell,293532176
1750527122601,82.48,0.501,sell,293532177
1750527124010,82.48,0.252,buy,293532178
1750527124117,82.49,1.181,buy,293532179
1750527124122,82.48,1.947,sell,293532180
1750527124470,82.49,0.308,buy,293532181
1750527124470,82.5,2.366,buy,293532182
1750527124535,82.49,0.584,sell,293532183
1750527127371,82.49,0.319,sell,293532184
1750527128757,82.49,0.317,sell,293532185
1750527129855,82.49,0.391,sell,293532186
1750527130147,82.49,0.388,sell,293532187
1750527130704,82.49,0.383,sell,293532188
1750527131231,82.49,0.902,sell,293532189
1750527131375,82.49,0.367,sell,293532190
1750527132145,82.49,0.363,sell,293532191
1750527132655,82.49,0.358,sell,293532192
1750527132977,82.49,0.354,sell,293532193
1750527133006,82.5,0.303,buy,293532194
1750527133352,82.49,0.35,sell,293532195
1750527133600,82.49,0.54,sell,293532196
1750527134000,82.48,0.501,sell,293532197
1750527134239,82.47,0.391,sell,293532198
1750527134239,82.47,1.905,sell,293532199
1750527134542,82.47,0.362,sell,293532200
1750527134832,82.47,0.36,sell,293532201
1750527135145,82.47,0.356,sell,293532202
1750527135454,82.47,0.351,sell,293532203
1750527135728,82.47,0.347,sell,293532204
1750527136151,82.47,0.419,sell,293532205
1750527136226,82.48,0.441,buy,293532206
1750527136569,82.47,0.413,sell,293532207
1750527136846,82.47,0.408,sell,293532208
1750527137246,82.47,0.403,sell,293532209
1750527137662,82.47,0.398,sell,293532210
1750527139599,82.48,0.117,buy,293532211
1750527140306,82.48,1.368,buy,293532212
1750527141033,82.48,0.185,buy,293532213
1750527141283,82.48,0.252,buy,293532214
1750527141334,82.48,0.649,sell,293532215
1750527142701,82.48,0.119,sell,293532216
1750527143696,82.49,0.379,buy,293532217
1750527143696,82.5,0.15,buy,293532218
1750527143739,82.49,0.784,sell,293532219
1750527144171,82.49,0.916,sell,293532220
1750527146095,82.49,0.54,sell,293532221
1750527146095,82.48,0.793,sell,293532222
1750527146288,82.48,0.308,sell,293532223
1750527146290,82.48,0.129,sell,293532224
1750527146327,82.48,0.21,buy,293532225
1750527148513,82.47,8.642,sell,293532226
1750527148517,82.47,0.19,sell,293532227
1750527148555,82.47,0.309,buy,293532228
1750527151034,82.46,0.375,sell,293532229
1750527151078,82.47,0.379,buy,293532230
1750527151127,82.48,0.802,buy,293532231
1750527151155,82.47,1,sell,293532232
1750527151515,82.47,0.923,sell,293532233
1750527152382,82.48,0.501,buy,293532234
1750527152447,82.48,0.545,sell,293532235
1750527153563,82.49,0.501,buy,293532236
1750527154028,82.5,3.274,buy,293532237
1750527154059,82.5,4.84,buy,293532238
1750527154094,82.51,0.367,buy,293532239
1750527154095,82.51,0.161,buy,293532240
1750527154148,82.51,0.567,sell,293532241
1750527154401,82.51,0.386,sell,293532242
1750527154708,82.51,6.37,buy,293532243
1750527155220,82.5,0.294,sell,293532244
1750527155221,82.5,0.143,sell,293532245
1750527156644,82.49,0.449,sell,293532246
1750527157459,82.5,0.252,buy,293532247
1750527157535,82.5,0.315,sell,293532248
1750527158131,82.5,0.33,sell,293532249
1750527158543,82.5,0.326,sell,293532250
1750527160151,82.5,0.27,sell,293532251
1750527160445,82.5,0.269,sell,293532252
1750527160737,82.5,0.265,sell,293532253
1750527161036,82.5,0.262,sell,293532254
1750527161255,82.5,0.22,sell,293532255
1750527161332,82.5,0.256,sell,293532256
1750527161833,82.5,0.253,sell,293532257
1750527162309,82.5,0.249,sell,293532258
1750527163054,82.5,2.157,sell,293532259
1750527163908,82.51,0.588,buy,293532260
1750527163908,82.52,1.835,buy,293532261
1750527164048,82.51,0.571,sell,293532262
1750527164344,82.51,0.564,sell,293532263
1750527164633,82.51,0.285,sell,293532264
1750527164887,82.52,0.181,buy,293532265
1750527164931,82.51,0.282,sell,293532266
1750527165600,82.51,0.253,sell,293532267
1750527166484,82.5,0.318,sell,293532268
1750527166600,82.5,0.438,sell,293532269
1750527168878,82.5,1.349,buy,293532270
1750527169176,82.49,0.348,sell,293532271
1750527169355,82.49,0.189,sell,293532272
1750527172194,82.49,0.189,buy,293532273
1750527172241,82.49,0.71,sell,293532274
1750527172526,82.49,0.61,sell,293532275
1750527173146,82.49,0.518,sell,293532276
1750527174142,82.49,0.458,sell,293532277
1750527174687,82.5,0.769,buy,293532278
1750527174863,82.49,0.453,sell,293532279
1750527176806,82.5,0.364,buy,293532280
1750527176807,82.5,0.137,buy,293532281
1750527176942,82.5,0.4,sell,293532282
1750527177217,82.5,0.306,sell,293532283
1750527177857,82.5,0.249,sell,293532284
1750527178051,82.51,0.44,buy,293532285
1750527178141,82.5,0.246,sell,293532286
1750527178727,82.5,0.243,sell,293532287
1750527180215,82.5,0.424,sell,293532288
1750527180243,82.5,0.126,sell,293532289
1750527180817,82.49,8.194,sell,293532290
1750527181395,82.48,0.352,sell,293532291
1750527182563,82.48,0.25,sell,293532292
1750527183505,82.48,0.25,sell,293532293
1750527183836,82.48,0.305,sell,293532294
1750527184143,82.48,0.301,sell,293532295
1750527185306,82.48,0.252,sell,293532296
1750527186711,82.48,0.189,buy,293532297
1750527186894,82.48,0.929,sell,293532298
1750527187236,82.49,1.127,buy,293532299
1750527187303,82.48,0.914,sell,293532300
1750527187613,82.48,0.919,sell,293532301
1750527189018,82.48,0.741,sell,293532302
1750527189090,82.49,0.275,buy,293532303
1750527189600,82.48,0.461,sell,293532304
1750527190022,82.47,0.248,sell,293532305
1750527190359,82.47,0.246,sell,293532306
1750527190640,82.47,0.301,sell,293532307
1750527190838,82.48,1.094,buy,293532308
1750527191545,82.47,0.297,sell,293532309
1750527191878,82.48,0.91,buy,293532310
1750527191961,82.47,0.294,sell,293532311
1750527192235,82.47,0.29,sell,293532312
1750527194343,82.47,0.251,sell,293532313
1750527194775,82.48,1.181,buy,293532314
1750527194778,82.48,9.46,buy,293532315
1750527194814,82.49,1.181,buy,293532316
1750527197094,82.49,1.491,buy,293532317
1750527197143,82.49,0.438,buy,293532318
1750527197159,82.5,1.181,buy,293532319
1750527203289,82.49,0.315,sell,293532320
1750527206939,82.49,0.372,buy,293532321
1750527207438,82.49,1.092,buy,293532322
1750527208891,82.48,0.54,sell,293532323
1750527208892,82.48,0.054,sell,293532324
1750527208933,82.47,0.45,sell,293532325
1750527208934,82.47,0.061,sell,293532326
1750527209185,82.47,0.147,buy,293532327
1750527209362,82.46,0.311,sell,293532328
1750527209426,82.47,2.258,buy,293532329
1750527209798,82.47,1.181,buy,293532330
1750527209817,82.47,1.181,buy,293532331
1750527209830,82.47,1.181,buy,293532332
1750527209838,82.47,1.181,buy,293532333
1750527209848,82.47,1.181,buy,293532334
1750527209860,82.47,1.181,buy,293532335
1750527209876,82.47,2.171,buy,293532336
1750527209915,82.48,2.362,buy,293532337
1750527210817,82.48,0.501,buy,293532338
1750527210817,82.49,0.68,buy,293532339
1750527211400,82.48,0.497,sell,293532340
1750527212304,82.49,0.606,buy,293532341
1750527214036,82.49,5.19,buy,293532342
1750527214045,82.48,0.314,sell,293532343
1750527214874,82.49,0.469,buy,293532344
1750527215949,82.49,3.245,buy,293532345
1750527216046,82.49,0.318,sell,293532346
1750527216765,82.5,0.997,buy,293532347
1750527217299,82.5,0.274,buy,293532348
1750527218259,82.5,1.181,buy,293532349
1750527218363,82.5,3.051,buy,293532350
1750527218365,82.5,0.063,buy,293532351
1750527218496,82.51,0.501,buy,293532352
1750527218496,82.52,0.505,buy,293532353
1750527218578,82.51,0.503,sell,293532354
1750527222208,82.52,0.638,buy,293532355
1750527222210,82.52,0.063,buy,293532356
1750527222218,82.53,0.75,buy,293532357
1750527222448,82.53,0.407,sell,293532358
1750527222897,82.53,0.253,sell,293532359
1750527225203,82.52,0.501,sell,293532360
1750527226200,82.51,0.831,sell,293532361
1750527228003,82.51,2.423,buy,293532362
1750527229811,82.51,0.719,buy,293532363
1750527230788,82.5,0.501,sell,293532364
1750527231400,82.5,8.335,buy,293532365
1750527231995,82.49,0.86,sell,293532366
1750527231996,82.49,0.058,sell,293532367
1750527232112,82.48,0.501,sell,293532368
1750527232792,82.47,0.31,sell,293532369
1750527233252,82.47,0.189,sell,293532370
1750527234895,82.47,0.189,buy,293532371
1750527234947,82.47,0.518,sell,293532372
1750527235244,82.47,0.454,sell,293532373
1750527235843,82.48,0.235,buy,293532374
1750527236041,82.47,0.524,sell,293532375
1750527236538,82.47,0.518,sell,293532376
1750527236796,82.47,0.511,sell,293532377
1750527237113,82.47,0.314,sell,293532378
1750527237555,82.47,0.311,sell,293532379
1750527237839,82.47,0.308,sell,293532380
1750527238279,82.47,0.304,sell,293532381
1750527238821,82.47,0.375,sell,293532382
1750527239146,82.47,0.307,sell,293532383
1750527239434,82.47,0.308,sell,293532384
1750527239696,82.48,0.933,buy,293532385
1750527241361,82.48,0.126,buy,293532386
1750527241534,82.48,0.531,sell,293532387
1750527241952,82.48,0.525,sell,293532388
1750527242411,82.48,0.252,sell,293532389
1750527243078,82.47,0.22,sell,293532390
1750527246501,82.47,0.897,sell,293532391
1750527246797,82.47,0.886,sell,293532392
1750527247041,82.47,0.875,sell,293532393
1750527247317,82.47,0.864,sell,293532394
1750527247649,82.47,0.928,sell,293532395
1750527249742,82.47,0.496,sell,293532396
1750527251589,82.48,0.315,buy,293532397
1750527251762,82.48,0.578,sell,293532398
1750527252464,82.48,0.537,sell,293532399
1750527252745,82.48,0.449,sell,293532400
1750527253044,82.48,0.474,sell,293532401
1750527253437,82.48,0.438,sell,293532402
1750527253777,82.48,0.252,sell,293532403
1750527254661,82.47,0.837,sell,293532404
1750527254943,82.47,0.901,sell,293532405
1750527255469,82.47,0.89,sell,293532406
1750527255995,82.48,3.216,buy,293532407
1750527256040,82.47,0.879,sell,293532408
1750527256439,82.47,0.868,sell,293532409
1750527257058,82.47,0.858,sell,293532410
1750527257443,82.47,0.847,sell,293532411
1750527258054,82.47,1.228,sell,293532412
1750527258133,82.47,0.821,sell,293532413
1750527259091,82.48,122,buy,293532414
1750527261092,82.48,0.74,buy,293532415
1750527261540,82.47,0.2,sell,293532416
1750527261733,82.48,0.315,buy,293532417
1750527261876,82.48,0.636,sell,293532418
1750527262231,82.48,0.412,sell,293532419
1750527263546,82.49,0.276,buy,293532420
1750527263547,82.49,0.161,buy,293532421
1750527263743,82.49,0.586,sell,293532422
1750527263992,82.49,0.579,sell,293532423
1750527264247,82.49,0.572,sell,293532424
1750527264532,82.49,0.445,sell,293532425
1750527265030,82.49,0.514,sell,293532426
1750527265311,82.49,0.508,sell,293532427
1750527265556,82.49,0.253,sell,293532428
1750527265586,82.48,0.248,sell,293532429
1750527267023,82.49,0.189,buy,293532430
1750527267233,82.49,0.56,sell,293532431
1750527267644,82.49,0.527,sell,293532432
1750527267937,82.49,0.521,sell,293532433
1750527268055,82.5,0.219,buy,293532434
1750527268231,82.49,0.515,sell,293532435
1750527268542,82.49,0.25,sell,293532436
1750527268816,82.49,0.248,sell,293532437
1750527269280,82.49,0.245,sell,293532438
1750527270005,82.49,0.126,sell,293532439
1750527271600,82.48,0.316,sell,293532440
1750527273584,82.47,0.735,sell,293532441
1750527273843,82.47,0.726,sell,293532442
1750527274118,82.47,0.717,sell,293532443
1750527274403,82.48,0.121,buy,293532444
1750527274568,82.47,0.709,sell,293532445
1750527275039,82.47,0.774,sell,293532446
1750527275343,82.47,0.763,sell,293532447
1750527275582,82.47,0.754,sell,293532448
1750527275725,82.47,3.62,sell,293532449
1750527276132,82.47,0.7,sell,293532450
1750527277148,82.47,0.692,sell,293532451
1750527277529,82.48,0.105,buy,293532452
1750527277638,82.47,0.683,sell,293532453
1750527278230,82.47,0.597,sell,293532454
1750527278392,82.48,0.079,buy,293532455
1750527278484,82.47,0.59,sell,293532456
1750527279034,82.47,0.583,sell,293532457
1750527279390,82.47,0.575,sell,293532458
1750527279641,82.47,0.568,sell,293532459
1750527279819,82.47,0.376,sell,293532460
1750527280008,82.47,0.557,sell,293532461
1750527280054,82.48,0.115,buy,293532462
1750527280055,82.47,0.086,sell,293532463
1750527280282,82.47,0.549,sell,293532464
1750527280349,82.47,0.358,sell,293532465
1750527280446,82.47,2.019,sell,293532466
1750527280531,82.47,0.538,sell,293532467
1750527280937,82.47,0.506,sell,293532468
1750527282454,82.47,0.5,sell,293532469
1750527282748,82.47,0.494,sell,293532470
1750527283541,82.47,0.488,sell,293532471
1750527284442,82.47,0.482,sell,293532472
1750527284714,82.47,0.476,sell,293532473
1750527285040,82.48,0.097,buy,293532474
1750527285342,82.47,0.47,sell,293532475
1750527285595,82.48,0.417,buy,293532476
1750527285741,82.47,0.464,sell,293532477
1750527286429,82.47,0.459,sell,293532478
1750527286737,82.47,0.453,sell,293532479
1750527287342,82.47,0.447,sell,293532480
1750527288849,82.48,0.242,buy,293532481
1750527289544,82.47,0.442,sell,293532482
1750527290356,82.47,0.436,sell,293532483
1750527291186,82.47,0.431,sell,293532484
1750527291194,82.47,0.878,sell,293532485
1750527291840,82.47,0.415,sell,293532486
1750527292084,82.47,0.41,sell,293532487
1750527292324,82.47,32.92,sell,293532488
1750527292324,82.47,0.058,sell,293532489
1750527292360,82.46,0.405,sell,293532490
1750527293384,82.46,1.404,sell,293532491
1750527293891,82.45,1.806,sell,293532492
1750527293892,82.45,0.063,sell,293532493
1750527294013,82.45,0.194,buy,293532494
1750527294216,82.45,3.209,buy,293532495
1750527295040,82.44,0.273,sell,293532496
1750527295244,82.45,0.28,buy,293532497
1750527295463,82.45,0.516,sell,293532498
1750527296020,82.45,0.509,sell,293532499
1750527296343,82.45,0.436,sell,293532500
1750527296834,82.45,0.43,sell,293532501
1750527297454,82.45,0.425,sell,293532502
1750527297666,82.46,0.242,buy,293532503
1750527297741,82.45,0.42,sell,293532504
1750527298036,82.45,0.415,sell,293532505
1750527298114,82.46,50.456,buy,293532506
1750527298297,82.47,4.849,buy,293532507
1750527298613,82.47,0.275,buy,293532508
1750527301087,82.47,0.285,buy,293532509
1750527302088,82.46,0.315,sell,293532510
1750527302182,82.45,0.42,sell,293532511
1750527302552,82.45,0.501,sell,293532512
1750527302897,82.44,2.055,sell,293532513
1750527303381,82.43,0.253,sell,293532514
1750527303396,82.43,0.314,sell,293532515
1750527303937,82.43,5.764,buy,293532516
1750527304201,82.42,2.548,sell,293532517
1750527304270,82.41,0.282,sell,293532518
1750527304500,82.41,0.446,sell,293532519
1750527306100,82.4,1.258,sell,293532520
1750527306299,82.39,0.317,sell,293532521
1750527306881,82.39,0.311,sell,293532522
1750527307109,82.38,0.253,sell,293532523
1750527307492,82.39,0.315,buy,293532524
1750527307777,82.4,1.168,buy,293532525
1750527307816,82.41,1.625,buy,293532526
1750527307830,82.41,0.466,buy,293532527
1750527307931,82.41,0.126,buy,293532528
1750527308259,82.41,0.456,sell,293532529
1750527308308,82.41,1.08,sell,293532530
1750527309814,82.41,0.54,sell,293532531
1750527310150,82.41,0.534,sell,293532532
1750527310648,82.41,0.527,sell,293532533
1750527310842,82.42,0.555,buy,293532534
1750527310991,82.41,0.521,sell,293532535
1750527311463,82.41,0.474,sell,293532536
1750527312327,82.41,2.246,sell,293532537
1750527313401,82.42,0.206,buy,293532538
1750527314712,82.41,2.006,sell,293532539
1750527316319,82.41,0.58,sell,293532540
1750527318832,82.41,0.315,sell,293532541
1750527319200,82.4,0.501,sell,293532542
1750527319999,82.4,0.135,buy,293532543
1750527320747,82.39,0.315,sell,293532544
1750527320966,82.38,0.242,sell,293532545
1750527322644,82.39,0.315,buy,293532546
1750527323439,82.4,0.499,buy,293532547
1750527323439,82.4,0.063,buy,293532548
1750527323919,82.41,0.766,buy,293532549
1750527323919,82.42,2.116,buy,293532550
1750527327278,82.42,0.2,buy,293532551
1750527327545,82.41,0.571,sell,293532552
1750527328393,82.42,0.312,buy,293532553
1750527328943,82.42,0.189,sell,293532554
1750527330269,82.41,0.501,sell,293532555
1750527332228,82.4,1.359,sell,293532556
1750527334506,82.4,0.238,sell,293532557
1750527337230,82.4,0.501,sell,293532558
1750527341883,82.39,0.6,sell,293532559
1750527341944,82.4,1.181,buy,293532560
1750527341950,82.4,1.181,buy,293532561
1750527341956,82.4,0.212,buy,293532562
1750527341957,82.4,0.21,buy,293532563
1750527341957,82.4,0.212,buy,293532564
1750527341957,82.4,0.212,buy,293532565
1750527341957,82.4,0.212,buy,293532566
1750527341958,82.4,0.966,buy,293532567
1750527342600,82.41,0.265,buy,293532568
1750527343309,82.41,0.235,buy,293532569
1750527343738,82.41,3.791,sell,293532570
1750527346248,82.41,6.382,sell,293532571
1750527346391,82.41,0.466,buy,293532572
1750527347019,82.4,0.501,sell,293532573
1750527347019,82.39,2.262,sell,293532574
1750527353766,82.4,0.336,buy,293532575
1750527354253,82.39,0.315,sell,293532576
1750527357120,82.38,4.078,sell,293532577
1750527357133,82.38,1.181,sell,293532578
1750527357700,82.38,0.19,sell,293532579
1750527359309,82.38,0.784,buy,293532580
1750527359797,82.38,0.121,buy,293532581
1750527360042,82.38,0.815,buy,293532582
1750527362400,82.38,0.482,buy,293532583
1750527364916,82.39,0.759,buy,293532584
1750527364916,82.4,0.422,buy,293532585
1750527365128,82.4,0.254,buy,293532586
1750527365701,82.39,0.503,sell,293532587
1750527366312,82.4,0.307,buy,293532588
1750527367654,82.4,1.82,sell,293532589
1750527368275,82.4,0.126,sell,293532590
1750527369500,82.39,0.501,sell,293532591
1750527371104,82.39,0.083,buy,293532592
1750527371871,82.39,2.268,buy,293532593
1750527381317,82.39,0.805,buy,293532594
1750527384804,82.38,8.95,sell,293532595
1750527385797,82.39,0.607,buy,293532596
1750527388055,82.39,0.238,buy,293532597
1750527389000,82.39,0.438,buy,293532598
1750527390700,82.39,0.39,sell,293532599
1750527396636,82.39,0.713,buy,293532600
1750527399855,82.39,0.096,buy,293532601
1750527399955,82.38,0.096,sell,293532602
1750527401338,82.39,0.219,buy,293532603
1750527403025,82.39,0.133,sell,293532604
1750527403208,82.4,1.181,buy,293532605
1750527403241,82.4,1.089,buy,293532606
1750527403300,82.4,0.19,buy,293532607
1750527403628,82.41,1.668,buy,293532608
1750527404464,82.41,10.547,sell,293532609
1750527405742,82.41,59.298,sell,293532610
1750527405742,82.4,24.963,sell,293532611
1750527405804,82.41,0.189,buy,293532612
1750527406420,82.42,0.3,buy,293532613
1750527406429,82.42,5.214,buy,293532614
1750527407628,82.42,17.676,buy,293532615
1750527407628,82.42,16.76,buy,293532616
1750527407967,82.41,10,sell,293532617
1750527410869,82.42,0.253,buy,293532618
1750527412694,82.43,0.568,buy,293532619
1750527412694,82.44,0.038,buy,293532620
1750527415178,82.44,0.097,buy,293532621
1750527416321,82.44,0.127,buy,293532622
1750527419758,82.43,0.239,sell,293532623
1750527420929,82.44,0.643,buy,293532624
1750527421448,82.45,1.118,buy,293532625
1750527421448,82.46,0.094,buy,293532626
1750527421448,82.46,0.133,buy,293532627
1750527421454,82.45,0.551,sell,293532628
1750527421701,82.46,6.089,buy,293532629
1750527421701,82.46,6.089,buy,293532630
1750527421704,82.46,14.724,buy,293532631
1750527421856,82.47,0.446,buy,293532632
1750527421887,82.47,28.898,sell,293532633
1750527423876,82.47,0.252,sell,293532634
1750527424392,82.47,0.189,buy,293532635
1750527430300,82.47,1.195,sell,293532636
1750527430700,82.46,0.562,sell,293532637
1750527431210,82.45,0.07,sell,293532638
1750527431278,82.46,0.548,buy,293532639
1750527432417,82.46,0.258,buy,293532640
1750527433679,82.46,3.189,buy,293532641
1750527437300,82.45,0.501,sell,293532642
1750527438686,82.45,0.379,buy,293532643
1750527439602,82.44,0.501,sell,293532644
1750527440019,82.43,0.315,sell,293532645
1750527441968,82.43,1.822,buy,293532646
1750527442919,82.43,0.542,buy,293532647
1750527443196,82.43,0.243,buy,293532648
1750527444700,82.43,0.468,buy,293532649
1750527445889,82.43,0.252,sell,293532650
1750527446501,82.43,0.254,buy,293532651
1750527447800,82.42,0.501,sell,293532652
1750527448000,82.41,0.501,sell,293532653
1750527449503,82.41,1.35,buy,293532654
1750527449777,82.41,0.492,buy,293532655
1750527450600,82.42,0.501,buy,293532656
1750527453189,82.42,0.069,sell,293532657
1750527453506,82.43,0.62,buy,293532658
1750527456627,82.42,0.478,sell,293532659
1750527461800,82.42,0.316,sell,293532660
1750527466101,82.41,6.724,sell,293532661
1750527469467,82.41,1.197,buy,293532662
1750527471362,82.41,0.275,buy,293532663
1750527475416,82.41,0.436,buy,293532664
1750527484171,82.41,0.09,buy,293532665
1750527487869,82.41,34.074,buy,293532666
1750527487869,82.41,21.494,buy,293532667
1750527487869,82.41,20.704,buy,293532668
1750527487875,82.42,6.068,buy,293532669
1750527487900,82.42,0.126,buy,293532670
1750527488113,82.43,1.844,buy,293532671
1750527489160,82.42,11.063,sell,293532672
1750527489160,82.42,0.063,sell,293532673
1750527490754,82.41,6.504,sell,293532674
1750527491243,82.41,0.254,buy,293532675
1750527491703,82.41,0.499,buy,293532676
1750527494034,82.41,0.079,buy,293532677
1750527495243,82.41,0.252,buy,293532678
1750527497200,82.42,0.501,buy,293532679
1750527498249,82.43,1.03,buy,293532680
1750527502196,82.43,0.436,buy,293532681
1750527502498,82.43,0.18,buy,293532682
1750527504054,82.43,0.189,buy,293532683
1750527505873,82.43,0.25,sell,293532684
1750527506304,82.44,0.561,buy,293532685
1750527507423,82.43,6.254,sell,293532686
1750527507540,82.42,0.315,sell,293532687
1750527507800,82.41,0.501,sell,293532688
1750527507855,82.41,0.157,buy,293532689
1750527508026,82.41,1.609,buy,293532690
1750527512077,82.41,0.849,buy,293532691
1750527512206,82.41,0.194,buy,293532692
1750527513003,82.41,0.364,buy,293532693
1750527514848,82.4,0.521,sell,293532694
1750527516786,82.41,0.254,buy,293532695
1750527517508,82.41,0.17,buy,293532696
1750527517874,82.41,0.242,buy,293532697
1750527518163,82.4,0.126,sell,293532698
1750527519955,82.4,0.13,buy,293532699
1750527520122,82.39,1.183,sell,293532700
1750527523365,82.39,1.294,sell,293532701
1750527523425,82.38,0.654,sell,293532702
1750527524067,82.37,2.387,sell,293532703
1750527524770,82.37,2.551,buy,293532704
1750527525092,82.36,0.57,sell,293532705
1750527527166,82.35,0.634,sell,293532706
1750527527455,82.35,0.088,buy,293532707
1750527527869,82.34,16.249,sell,293532708
1750527527869,82.34,0.063,sell,293532709
1750527527873,82.34,2.788,buy,293532710
1750527527873,82.34,2.305,buy,293532711
1750527527873,82.34,2.788,buy,293532712
1750527527873,82.34,0.124,buy,293532713
1750527528125,82.33,6.188,sell,293532714
1750527528138,82.33,1.181,sell,293532715
1750527529408,82.33,8.286,sell,293532716
1750527529992,82.32,1.925,sell,293532717
1750527530501,82.33,0.418,buy,293532718
1750527530663,82.33,0.06,buy,293532719
1750527533153,82.33,0.701,buy,293532720
1750527533702,82.34,0.438,buy,293532721
1750527533704,82.34,0.063,buy,293532722
1750527536576,82.35,0.712,buy,293532723
1750527536768,82.35,7.888,sell,293532724
1750527537818,82.36,0.136,buy,293532725
1750527537819,82.36,0.301,buy,293532726
1750527538234,82.36,1.457,sell,293532727
1750527540667,82.36,9.05,sell,293532728
1750527540667,82.35,7.855,sell,293532729
1750527545528,82.36,0.315,buy,293532730
1750527545888,82.36,0.205,sell,293532731
1750527546318,82.37,0.748,buy,293532732
1750527547517,82.37,0.233,buy,293532733
1750527548446,82.37,7.891,buy,293532734
1750527549122,82.37,0.572,buy,293532735
1750527550905,82.36,6.44,sell,293532736
1750527550906,82.36,0.057,sell,293532737
1750527551022,82.35,0.501,sell,293532738
1750527551660,82.34,0.501,sell,293532739
1750527551800,82.33,0.501,sell,293532740
1750527552740,82.33,0.252,buy,293532741
1750527553546,82.34,0.14,buy,293532742
1750527556892,82.34,0.946,buy,293532743
1750527558199,82.33,0.106,sell,293532744
1750527558207,82.33,0.273,sell,293532745
1750527558333,82.33,0.229,buy,293532746
1750527565400,82.32,0.446,sell,293532747
1750527568404,82.31,0.239,sell,293532748
1750527568408,82.31,0.206,sell,293532749
1750527568986,82.31,0.254,buy,293532750
1750527569360,82.3,0.96,sell,293532751
1750527569800,82.29,0.978,sell,293532752
1750527570175,82.28,0.906,sell,293532753
1750527570517,82.28,1.447,buy,293532754
1750527570598,82.28,12.249,buy,293532755
1750527570600,82.28,16.875,buy,293532756
1750527570654,82.28,1.069,buy,293532757
1750527570776,82.28,0.126,buy,293532758
1750527570823,82.29,1.181,buy,293532759
1750527571346,82.29,0.161,buy,293532760
1750527571499,82.29,0.763,buy,293532761
1750527572331,82.28,0.315,sell,293532762
1750527572972,82.27,4.061,sell,293532763
1750527572972,82.27,7.846,sell,293532764
1750527572972,82.26,26.696,sell,293532765
1750527572973,82.25,40.346,sell,293532766
1750527572973,82.25,10.235,sell,293532767
1750527572973,82.24,13.036,sell,293532768
1750527572973,82.23,108.906,sell,293532769
1750527572973,82.22,8.2,sell,293532770
1750527572973,82.22,140.227,sell,293532771
1750527572973,82.22,47.93,sell,293532772
1750527572975,82.21,4,sell,293532773
1750527572976,82.22,1.204,buy,293532774
1750527572976,82.22,1.204,buy,293532775
1750527572976,82.22,1.204,buy,293532776
1750527572976,82.22,1.204,buy,293532777
1750527572976,82.22,0.802,buy,293532778
1750527572976,82.21,11.062,sell,293532779
1750527572976,82.22,1.204,buy,293532780
1750527572976,82.22,0.802,buy,293532781
1750527572976,82.22,1.204,buy,293532782
1750527572976,82.21,24.308,sell,293532783
1750527572976,82.21,4.546,sell,293532784
1750527572976,82.2,15.481,sell,293532785
1750527572976,82.2,25.233,sell,293532786
1750527572976,82.19,74.767,sell,293532787
1750527572976,82.19,1.005,sell,293532788
1750527572977,82.2,1.829,buy,293532789
1750527572977,82.2,2.432,buy,293532790
1750527572977,82.2,2.432,buy,293532791
1750527572978,82.19,0.067,sell,293532792
1750527572979,82.2,12.436,buy,293532793
1750527572979,82.2,4.64,buy,293532794
1750527572979,82.2,1.07,buy,293532795
1750527572979,82.2,4.64,buy,293532796
1750527572979,82.2,1.204,buy,293532797
1750527572979,82.2,1.204,buy,293532798
1750527572979,82.2,1.204,buy,293532799
1750527572980,82.2,1.204,buy,293532800
1750527572980,82.2,4.77,buy,293532801
1750527572980,82.2,2.366,buy,293532802
1750527572980,82.2,4.77,buy,293532803
1750527572981,82.2,1.89,buy,293532804
1750527572981,82.21,1.374,buy,293532805
1750527572982,82.2,6.081,sell,293532806
1750527572982,82.21,1.347,buy,293532807
1750527572982,82.21,3.324,buy,293532808
1750527572982,82.22,2.629,buy,293532809
1750527572987,82.22,40.132,buy,293532810
1750527573000,82.23,0.073,buy,293532811
1750527573016,82.22,2.362,sell,293532812
1750527573020,82.22,16.436,sell,293532813
1750527573020,82.21,33.32,sell,293532814
1750527573112,82.21,7,sell,293532815
1750527573157,82.21,6.083,buy,293532816
1750527573514,82.2,11.688,sell,293532817
1750527573567,82.2,5.866,buy,293532818
1750527574089,82.19,25.557,sell,293532819
1750527574089,82.19,0.063,sell,293532820
1750527574091,82.19,1.24,buy,293532821
1750527574091,82.19,1.24,buy,293532822
1750527574092,82.19,2.247,buy,293532823
1750527574092,82.19,2.247,buy,293532824
1750527574197,82.18,0.086,sell,293532825
1750527574206,82.19,0.155,buy,293532826
1750527574659,82.19,15.883,buy,293532827
1750527575252,82.2,1.605,buy,293532828
1750527575796,82.2,0.063,buy,293532829
1750527575996,82.2,0.252,buy,293532830
1750527576283,82.2,0.12,sell,293532831
1750527576425,82.21,7.378,buy,293532832
1750527576438,82.21,4.203,buy,293532833
1750527577712,82.21,4.288,buy,293532834
1750527579768,82.21,3.162,buy,293532835
1750527581571,82.21,2.465,buy,293532836
1750527581906,82.22,3.04,buy,293532837
1750527582261,82.22,0.253,buy,293532838
1750527582340,82.22,0.378,sell,293532839
1750527582343,82.22,61.061,sell,293532840
1750527582471,82.22,0.072,buy,293532841
1750527583095,82.21,0.365,sell,293532842
1750527583097,82.21,0.236,sell,293532843
1750527586060,82.21,18.245,buy,293532844
1750527587663,82.2,0.5,sell,293532845
1750527588021,82.19,2.5,sell,293532846
1750527588286,82.2,0.31,buy,293532847
1750527588472,82.19,0.63,sell,293532848
1750527590549,82.2,1.97,buy,293532849
1750527591135,82.2,1.32,buy,293532850
1750527591459,82.2,0.803,buy,293532851
1750527592650,82.19,1.21,sell,293532852
1750527593029,82.18,1.476,sell,293532853
1750527593117,82.17,0.365,sell,293532854
1750527593560,82.18,0.126,buy,293532855
1750527593942,82.18,2.465,buy,293532856
1750527594041,82.19,0.739,buy,293532857
1750527594441,82.19,3.278,buy,293532858
1750527594913,82.18,0.491,sell,293532859
1750527595378,82.18,0.365,buy,293532860
1750527595382,82.18,0.121,buy,293532861
1750527598715,82.17,0.487,sell,293532862
1750527598715,82.17,0.489,sell,293532863
1750527598715,82.17,0.489,sell,293532864
1750527598715,82.17,0.489,sell,293532865
1750527598716,82.17,0.489,sell,293532866
1750527598717,82.17,0.178,sell,293532867
1750527598735,82.16,0.122,sell,293532868
1750527598773,82.17,0.323,buy,293532869
1750527599024,82.17,0.189,sell,293532870
1750527599484,82.16,0.567,sell,293532871
1750527600439,82.17,5.448,buy,293532872
1750527601411,82.16,2.077,sell,293532873
1750527602457,82.16,0.252,sell,293532874
1750527602581,82.15,6.929,sell,293532875
1750527602717,82.14,1.006,sell,293532876
1750527603225,82.14,0.06,buy,293532877
1750527604166,82.14,0.252,buy,293532878
1750527604481,82.15,2.152,buy,293532879
1750527604913,82.15,6.949,buy,293532880
1750527606305,82.16,5.34,buy,293532881
1750527606333,82.16,1.31,buy,293532882
1750527607362,82.17,2.137,buy,293532883
1750527607621,82.17,4.576,buy,293532884
1750527608258,82.17,1.241,sell,293532885
1750527608307,82.17,0.819,sell,293532886
1750527609543,82.18,6.373,buy,293532887
1750527609976,82.17,14.07,sell,293532888
1750527611773,82.18,0.632,buy,293532889
1750527613278,82.18,6.368,buy,293532890
1750527613715,82.19,0.501,buy,293532891
1750527614111,82.2,0.182,buy,293532892
1750527614190,82.2,0.316,buy,293532893
1750527614844,82.2,5.581,sell,293532894
1750527615391,82.21,4.758,buy,293532895
1750527617060,82.2,0.351,sell,293532896
1750527617490,82.21,0.618,buy,293532897
1750527621322,82.2,0.612,sell,293532898
1750527622655,82.2,0.082,buy,293532899
1750527623219,82.2,0.26,buy,293532900
1750527623471,82.19,0.501,sell,293532901
1750527625227,82.18,0.061,sell,293532902
1750527630921,82.19,0.365,buy,293532903
1750527632902,82.19,22.823,buy,293532904
1750527633065,82.18,0.254,sell,293532905
1750527633155,82.18,0.136,buy,293532906
1750527633620,82.17,0.501,sell,293532907
1750527633626,82.17,1.862,buy,293532908
1750527633645,82.16,0.129,sell,293532909
1750527633647,82.16,0.308,sell,293532910
1750527634287,82.15,0.501,sell,293532911
1750527634434,82.15,0.733,buy,293532912
1750527635608,82.14,0.315,sell,293532913
1750527635820,82.13,2.149,sell,293532914
1750527635820,82.12,7.117,sell,293532915
1750527635820,82.11,0.263,sell,293532916
1750527636482,82.12,2.435,buy,293532917
1750527636786,82.12,2.325,buy,293532918
1750527637205,82.12,0.767,buy,293532919
1750527637703,82.11,2.27,sell,293532920
1750527637705,82.11,0.063,sell,293532921
1750527637977,82.1,4.554,sell,293532922
1750527640897,82.09,0.87,sell,293532923
1750527641394,82.08,0.629,sell,293532924
1750527641394,82.07,0.001,sell,293532925
1750527641407,82.08,0.154,buy,293532926
1750527641576,82.08,1.876,buy,293532927
1750527641809,82.08,6.788,buy,293532928
1750527641831,82.08,0.477,sell,293532929
1750527642721,82.09,0.808,buy,293532930
1750527644647,82.08,1.2,sell,293532931
1750527644914,82.08,0.315,sell,293532932
1750527645621,82.07,0.301,sell,293532933
1750527645782,82.07,0.41,sell,293532934
1750527645955,82.08,0.17,buy,293532935
1750527645955,82.07,0.213,sell,293532936
1750527646019,82.08,0.189,buy,293532937
1750527646766,82.09,0.749,buy,293532938
1750527648504,82.09,0.158,buy,293532939
1750527648864,82.08,5.858,sell,293532940
1750527648981,82.09,5.842,buy,293532941
1750527649107,82.1,0.562,buy,293532942
1750527649669,82.11,0.744,buy,293532943
1750527649736,82.11,2.156,sell,293532944
1750527650278,82.11,1.217,sell,293532945
1750527650443,82.12,0.501,buy,293532946
1750527650955,82.13,0.425,buy,293532947
1750527652462,82.13,0.265,buy,293532948
1750527655378,82.14,1.541,buy,293532949
1750527657252,82.14,0.252,buy,293532950
1750527658401,82.15,0.501,buy,293532951
1750527659809,82.16,0.672,buy,293532952
1750527660700,82.17,0.577,buy,293532953
1750527661235,82.17,0.189,sell,293532954
1750527661721,82.16,0.501,sell,293532955
1750527662820,82.15,0.742,sell,293532956
1750527663512,82.16,0.182,buy,293532957
1750527665700,82.16,0.454,buy,293532958
1750527666065,82.16,1.243,sell,293532959
1750527667890,82.16,4.724,sell,293532960
1750527668005,82.16,0.141,sell,293532961
1750527669230,82.17,1.062,buy,293532962
1750527670504,82.17,0.36,buy,293532963
1750527670970,82.18,0.566,buy,293532964
1750527670972,82.18,0.063,buy,293532965
1750527670980,82.19,1.181,buy,293532966
1750527671476,82.19,0.253,buy,293532967
1750527676303,82.19,0.73,sell,293532968
1750527676728,82.19,6.133,sell,293532969
